2880 4148
557 195 761 246 annulum.
1116 179 1158 244 55

157 369 289 448 populos
304 369 500 443 antecedunt,
510 374 612 428 truces
627 368 740 428 insitae
751 367 874 427 'feritati
889 373 955 426 arte
971 384 1005 426 ac
1019 370 1158 442 tempore

158 474 373 534 lenocinantur
385 497 391 532 :
410 474 500 550 nigra
511 479 607 548 scuta,
617 474 717 532 tincta
728 492 855 550 corpora
867 495 873 548 ;
894 477 977 532 atres
989 471 1029 531 ad
1040 469 1160 548 proelia

158 579 258 640 noctis
277 579 386 655 legrmt
406 579 536 656 ipsaque
558 579 726 638 formidine
746 583 841 654 atque
858 577 968 636 umbra
986 575 1096 635 feralis
1111 593 1160 634 ex-

159 683 272 744 ercitus
284 690 432 743 terrorem
444 685 595 759 inferunt,
607 683 695 742 nullo
706 683 845 743 hostium
857 681 1033 742 sustinente
1044 699 1159 740 novum

159 807 193 848 ac
215 789 303 848 velut
324 789 483 848 infernum
508 789 711 866 adspectum
741 807 813 848 nam
838 787 934 865 primi
959 787 992 846 in
1016 785 1187 846 omnibus5

159 893 286 972 proeliis
308 894 391 953 oculi
412 895 587 953 vincuntur.

252 1090 342 1140 Baitia
356 1090 485 1151 Peopies:
508 1087 563 1138 Tite
577 1087 700 1148 Gotones,
715 1071 809 1150 Rupit,
825 1089 953 1151 Lemovii,
970 1080 1093 1142 Suiones.

197 1201 247 1265 44.
276 1207 376 1265 Trans
391 1205 506 1281 Lugios
519 1207 657 1266 Gotones
672 1212 849 1282 regnantur,
862 1206 956 1284 paulo
971 1206 1033 1266 iam
1048 1206 1161 1266 adduc-

158 1309 222 1370 tius
257 1329 351 1388 quam
372 1316 493 1370 ceterae
515 1311 739 1370 Germanorum
762 1317 880 1386 gentes,
895 1313 1033 1370 noudum
1054 1317 1160 1371 tamen

159 1434 255 1494 supra
275 1415 461 1477 libertatern.
504 1415 653 1475 Protinus
674 1416 787 1475 deinde
809 1417 847 1476 ab
868 1417 991 1477 Oceano
1013 1417 1108 1492 Rugii
1128 1423 1160 1476 et

159 1520 311 1580 Lemovii.
355 1521 566 1598 Omniumque
587 1521 698 1580 harum
720 1521 858 1596 gentium
881 1521 1004 1596 insigne
1025 1522 1200 1581 rotundare

158 1631 256 1700 scuta,
278 1625 387 1685 breves
409 1625 508 1701 gladii
529 1631 560 1684 et
582 1644 654 1701 erge
675 1645 762 1702 reges
784 1626 975 1704 obsequium.

200 1729 349 1789 Suionum
371 1729 445 1789 hinc
467 1730 621 1806 civitates,
639 1731 708 1808 ipso
728 1731 762 1789 in
784 1730 915 1806 Ocean0,
933 1736 1056 1808 praeter
1076 1731 1160 1792 viros

158 1853 307 1912 armaque
319 1834 472 1895 classibus
484 1835 598 1894 valent.
635 1837 748 1895 Forma
761 1836 889 1894 navium
901 1855 936 1895 eo
948 1836 1064 1910 differt,
1077 1837 1160 1913 quod

158 1940 316 2016 utrimque
339 1959 431 2016 prora
452 1946 593 2017 paratam
618 1959 739 2018 semper
760 1941 906 2018 adpulsui
929 1943 1065 2000 frontem
1084 1942 1158 2016 agit.

155 2043 225 2102 Nec
242 2042 321 2102 velis
337 2041 518 2102 ministrant
538 2061 594 2101 nec
617 2061 717 2102 remos
737 2043 769 2102 in
789 2044 931 2102 ordinem
946 2044 1098 2106 lateribus
1114 2047 1164 2106 ad·
1179 2062 1204 2106 rt

156 2148 306 2223 iungunt:
324 2146 469 2220 solutum,
482 2151 518 2206 ut
529 2146 562 2206 in
574 2147 762 2224 quibusdam
773 2147 948 2223 fluminum,
960 2156 992 2208 et
1003 2150 1163 2224 mutabile,

157 2259 194 2310 ut
215 2271 265 2312 res
287 2252 397 2329 poscit,
415 2252 488 2311 hinc
510 2253 561 2312 vel
582 2253 671 2312 illinc
693 2255 865 2328 remigium.
908 2256 967 2314 Est
986 2255 1069 2332 apud
1087 2255 1158 2315 illos

156 2363 190 2418 et
204 2357 316 2434 opibus
333 2357 441 2432 honos,
457 2376 554 2434 eoque
572 2377 653 2418 unus
675 2358 843 2436 imperitat,
858 2359 955 2418 nullis
974 2360 1036 2419 iam
1053 2379 1159 2436 excep

156 2462 306 2536 tionibus,
321 2481 383 2520 non
398 2461 537 2539 precario
556 2463 623 2522 iure
641 2463 779 2540 parendi.
823 2465 890 2523 Nec
911 2483 1006 2540 arma,
1021 2470 1056 2524 ut
1075 2465 1159 2541 apud

156 2573 276 2640 ceteros
298 2567 480 2642 Germanae,
495 2567 529 2626 in
546 2568 731 2644 promiscu0,
747 2569 802 2628 sed
823 2569 929 2628 clause
946 2569 1003 2630 sub
1021 2570 1158 2644 custode,
1172 2583 1202 2628 ao

156 2678 189 2730 et
206 2671 334 2748 quidem
354 2691 452 2748 serv0,
468 2672 543 2749 quia
561 2673 680 2733 subitos
699 2673 838 2733 hostium
853 2674 995 2734 incursus
1013 2674 1159 2752 prohibet

157 2776 309 2852 Oceanus,
329 2777 447 2837 otiosae
468 2796 560 2854 porro
579 2785 769 2836 armatorum
793 2797 903 2838 manus
922 2778 1016 2838 facile
1038 2778 1160 2838 lascivi-

157 2887 232 2940 unt:
251 2881 409 2941 enimvero
421 2901 521 2958 neque
535 2882 672 2942 nobilem
686 2901 787 2960 neque
798 2883 977 2959 ingenuum,
989 2901 1028 2942 ne
1043 2883 1160 2944 liberti-

157 3005 232 3046 num
246 2987 375 3064 quidem
390 2987 486 3047 armis
500 3005 690 3066 praeponere
705 2988 790 3063 regia
804 2988 926 3048 utilitas
941 2993 997 3048 est.

236 3188 289 3239 lite
307 3188 431 3240 Extremo
449 3187 546 3240 North.
575 3187 628 3240 Tite
646 3189 749 3239 Aestii:
776 3191 847 3240 their
863 3189 963 3240 Amber
984 3191 1079 3240 Trade.

564 3280 617 3329 Tite
637 3279 753 3330 Sitones.

195 3392 245 3454 45.
275 3395 377 3454 Trans
399 3393 530 3454 Suionas
546 3393 633 3454 aliud
647 3412 740 3468 mare,
757 3393 880 3471 pigrum
896 3413 931 3454 ac
946 3413 1042 3471 prope
1063 3394 1159 3452 inmo·
1172 3408 1200 3452 25

156 3503 236 3578 tum,
250 3517 311 3578 quc
325 3498 409 3574 cingi
424 3499 570 3576 cludique
592 3504 744 3558 terrarum
760 3499 865 3558 orbem
884 3499 958 3557 hinc
973 3498 1060 3571 fides,
1076 3499 1157 3574 quod

156 3609 315 3664 extremus
337 3604 478 3664 cadentis
493 3603 555 3662 iam
571 3603 645 3663 solis
660 3603 764 3678 fulgor
779 3603 811 3660 in
827 3609 929 3662 ortum
951 3603 1061 3660 edurat
1082 3602 1158 3659 adeo
