2880 4148
268 191 309 256 56
581 201 610 250 r.
636 199 810 252 conunnn
832 200 958 252 111111

267 375 379 450 clarus,
404 381 440 434 ut
468 375 572 436 sidera
598 375 742 451 hebetct;
782 394 891 436 sonum
925 375 1053 452 insuper
1080 372 1269 449 emergentis

267 463 370 540 audiri
388 481 566 560 formasque
585 499 734 558 equorum
754 487 787 540 et
807 480 910 540 radios
930 479 1043 557 capitis
1063 478 1183 556 adspici
1203 497 1270 556 per·

268 586 372 646 suasio
390 586 493 647 adicit.
537 587 621 646 Illuc·
640 605 748 664 usque,
764 587 896 646 etfama
911 603 994 658 vera,
1011 589 1136 642 tantum
1150 589 1271 644 natura

267 693 350 768 Ergo
371 691 434 751 iam
455 692 565 750 dextro
587 690 710 750 Suebici
731 689 826 749 maris
847 689 939 748 litore
956 687 1138 748 Aestiorum
1159 693 1267 764 gentes

239 797 438 856 oadluuntur
472 796 585 873 quibus
620 791 700 854 ritus
728 795 917 871 habitusque
949 793 1129 868 Sueborum,
1158 792 1268 868 lingua

182 956 186 960 .
268 902 468 961 Britannicae
483 901 617 978 propior.
653 901 788 959 Matrem
800 901 894 958 deum
904 905 1101 959 venerantur.
1138 898 1268 974 Insigne

268 1006 500 1085 superstitionis
529 1006 646 1065 formas
675 1023 820 1082 aprorum
851 1009 992 1080 gestant:
1026 1004 1060 1062 id
1087 1022 1143 1080 pro
1171 1003 1266 1064 armis

267 1111 466 1186 omniumque
494 1108 595 1169 tutela
623 1127 764 1168 securum
794 1107 869 1166 deae
898 1106 1049 1166 cultorem
1067 1107 1163 1167 etiam
1185 1107 1267 1166 inter

266 1212 366 1272 hostis
394 1217 541 1288 praestat.
595 1213 697 1271 Rarus
728 1211 815 1285 ferri,
843 1212 991 1290 frequens
1019 1212 1153 1272 fustium
1180 1231 1265 1272 usus.

225 1329 254 1374 10
266 1318 436 1376 Frumento
449 1324 629 1393 ceterosque
645 1316 767 1376 fructus
788 1316 960 1394 patientius
981 1335 1075 1395 quam
1095 1335 1151 1394 pro
1173 1317 1267 1377 solita

267 1423 492 1482 Germanorum
511 1421 626 1480 inertia
646 1421 796 1481 laborant.
837 1421 898 1480 Sed
919 1427 951 1480 et
971 1440 1055 1481 mare
1077 1427 1264 1497 scrutantur,

266 1545 301 1586 ac
317 1526 375 1586 soli
389 1526 527 1584 omnium
543 1526 694 1600 sucinum,
710 1526 793 1602 quod
810 1525 873 1603 ipsi
893 1525 1032 1602 glaesum
1047 1532 1168 1601 vocant,
1183 1526 1266 1586 inter

266 1633 347 1692 vada
374 1637 468 1709 atque
497 1632 530 1689 in
558 1631 627 1709 ipso
655 1631 747 1691 litore
775 1631 892 1707 legunt.
948 1633 1016 1691 Nec
1047 1650 1126 1709 quae
1153 1637 1267 1692 natura

266 1755 384 1816 quaeve
416 1737 496 1795 ratio
531 1736 647 1812 gignat,
675 1742 712 1796 ut
746 1737 895 1811 barbaris,
924 1737 1101 1814 quaesitum
1131 1755 1265 1815 comper-

223 1858 252 1903 15
265 1849 388 1917 tumve;
411 1841 466 1899 diu
487 1840 563 1918 quin
585 1839 680 1900 etiam
704 1841 786 1900 inter
814 1847 918 1902 cetera
940 1841 1145 1902 eiectamenta
1169 1841 1265 1902 maris

265 1947 394 2021 iaccbat,
422 1947 521 2005 donec
548 1945 674 2005 luxuria
700 1953 808 2006 nostra
835 1947 924 2006 dedit
950 1965 1072 2006 nornen.
1118 1947 1203 2024 Ipsis
1231 1946 1265 2006 in

264 2051 352 2110 nullo
372 2053 448 2110 usu:
477 2050 554 2111 rude
575 2050 698 2126 legitur,
720 2051 855 2110 informe
879 2051 1045 2129 perfertur,
1067 2051 1264 2128 pretiumque

264 2157 415 2215 mirantes
434 2155 601 2232 accipiunt.
654 2157 767 2216 Sucum
791 2162 897 2216 tamen
921 2156 1064 2216 arborum
1086 2175 1154 2217 esse
1175 2157 1264 2216 intel-

264 2261 358 2336 legas,
384 2260 459 2338 quia
482 2267 606 2320 terrena
630 2262 782 2339 quaedam
807 2267 901 2338 atque
926 2261 1020 2320 etiarn
1042 2261 1181 2321 volucria
1201 2262 1265 2322 ani-

221 2381 251 2428 10
264 2365 359 2424 111111
380 2365 563 2442 plerumque
577 2365 776 2441 interlucent,
791 2384 871 2443 quae
886 2365 1048 2443 implicata
1063 2385 1170 2425 umore
1191 2386 1263 2426 mox

264 2471 445 2528 durescente
460 2469 591 2529 materia
605 2470 782 2530 cluduntur.
818 2471 1012 2530 Fecundiora
1026 2471 1122 2546 igitur
1136 2489 1264 2532 nemora

263 2575 411 2650 lucosque
428 2580 460 2634 et
481 2575 562 2634 sicut
584 2575 722 2636 Orientis
744 2575 881 2651 secretis,
896 2576 950 2636 ubi
972 2581 1043 2635 tura
1062 2575 1263 2654 balsamaque

263 2679 424 2754 sudantur,
447 2679 493 2739 ita
513 2679 693 2740 Occidentis
715 2680 827 2740 insulis
854 2680 1009 2757 terrisque
1038 2681 1140 2740 inesse
1167 2681 1263 2740 credi-

263 2783 362 2843 derim
376 2803 455 2860 quae
471 2784 568 2844 vicini
583 2784 658 2845 solis
673 2785 770 2844 radiis
788 2804 937 2862 expressa
951 2791 1045 2862 atque
1059 2785 1214 2862 liquentia
1228 2787 1263 2844 in

143 2892 145 2898 '
219 2908 248 2952 25
262 2889 438 2966 proximum
459 2907 543 2948 mare
564 2889 713 2949 labuntur
734 2909 769 2950 ac
784 2890 817 2948 vi
835 2896 1057 2968 tempestatum
1075 2891 1109 2949 in
1130 2891 1262 2952 adversa

261 2992 355 3052 litora
365 2995 534 3053 exundant.
579 2995 612 3054 Si
626 3000 771 3054 naturam
785 2995 886 3055 suciui
898 2996 1023 3055 admoto
1038 2995 1104 3072 igni
1115 3001 1260 3074 temptes,

261 3097 294 3156 in
315 3099 441 3157 modum
461 3099 571 3159 taedae
593 3099 773 3160 accenditur
790 3100 909 3177 alitque
931 3100 1088 3160 flammam
1111 3099 1261 3178 pinguem

260 3207 292 3261 et
306 3203 456 3280 olentem3
479 3223 551 3262 mox
565 3210 602 3262 ut
616 3205 649 3262 in
664 3204 763 3282 picem
779 3205 953 3264 resinamve
968 3205 1121 3265 lentescit.

300 3307 468 3368 Suionibus
487 3308 630 3368 Sitonum
647 3315 755 3385 gentes
773 3309 1003 3370 continuantur.
1047 3311 1159 3371 Cetera
1177 3310 1260 3370 simi-

217 3412 303 3478 31111
328 3432 390 3472 uno
414 3413 574 3489 differunt,
597 3415 679 3491 quod
703 3415 823 3474 femina
847 3415 1041 3474 dominatur:
1077 3415 1258 3475 intantum

257 3536 320 3576 non
341 3519 432 3578 modo
453 3538 472 3578 a
492 3519 637 3578 libertate
659 3519 825 3579 sedetiam
846 3538 865 3580 a
886 3519 1038 3580 servitute
1058 3520 1256 3596 degenerant.

258 3623 321 3682 Hic
336 3623 467 3684 Suebiae
482 3623 564 3684 finis.
