2840 4132
253 181 295 246 10
563 191 592 241 r.
619 189 794 242 oosunnu
816 190 941 240 nncnr

293 363 341 426 14.
371 364 588 426 Consularium
615 364 736 442 primus
760 363 862 424 Aulus
886 363 1031 424 Plautius
1055 366 1253 444 praepositus

253 489 289 532 ac
308 469 440 531 subinde
460 468 601 530 Ostorius
623 469 764 546 Scapula,
776 473 908 546 uterque
927 469 1009 529 bello
1027 469 1186 545 egregius:
1209 489 1253 532 re·

253 575 404 653 <laetaque
421 573 574 652 paulatim
598 574 632 633 in
655 574 789 634 formam
813 573 992 652 provinciae
1013 574 1156 653 proxima
1178 595 1251 653 pars

252 680 445 755 Britanniae,
467 679 576 739 addita
597 679 724 756 insuper
744 683 962 739 veteranorum
989 679 1117 740 colonia
1159 681 1253 752 Quae-

224 786 324 846 tdam
351 785 497 845 civitates
525 783 718 860 Cogidumno
743 784 809 860 regi
833 784 966 844 donatae
989 783 1031 864 (is
1052 785 1093 844 ad
1113 791 1252 846 nostram

251 909 350 968 usque
361 890 541 950 memoriam
555 889 727 950 fidissimus
742 890 882 970 mansit),
894 895 998 950 vetere
1009 908 1045 950 ac
1055 889 1119 950 iam
1130 889 1252 968 pridem

251 1002 376 1074 recepta
389 995 498 1074 populi
515 995 650 1055 Romani
670 995 904 1070 consuetudine,
928 1002 965 1054 ut
988 995 1118 1055 haberet
1138 995 1251 1056 instru-

251 1108 357 1162 menta
377 1085 538 1162 servitutis
558 1106 590 1160 et
611 1119 707 1176 reges.
731 1101 808 1160 Mox
831 1099 947 1160 Didius
976 1099 1087 1161 Gallus
1115 1107 1205 1179 parta
1232 1121 1252 1163 a

250 1207 406 1285 prioribus
420 1206 584 1281 continuit,
596 1205 704 1284 paucis
719 1205 887 1266 admodum
901 1205 1040 1266 castellis
1054 1206 1088 1264 in
1102 1205 1252 1268 ulteriora

209 1325 239 1372 10
250 1312 409 1390 promotis,
421 1330 477 1388 per
488 1330 567 1388 quae
578 1311 665 1370 fama
678 1310 761 1370 aucti
773 1309 866 1370 officii
877 1316 1086 1388 quaereretur.
1120 1311 1250 1372 Didium

250 1417 285 1488 Q.
311 1417 465 1502 Veranius
490 1416 622 1493 excepit,
648 1416 737 1494 isque
762 1415 847 1476 intra
865 1434 981 1475 annum
1006 1416 1164 1477 extinctus
1192 1423 1248 1478 est.

251 1521 417 1582 Suetonius
438 1521 512 1580 hinc
532 1519 685 1581 Paulinus
713 1521 839 1581 biennio
866 1539 1032 1599 prosperas
1056 1539 1106 1581 res
1129 1521 1249 1598 habuit,

250 1627 386 1688 subactis
407 1626 586 1686 nationibus
607 1625 803 1704 firmatisque
824 1625 1006 1703 praesidiis3
1029 1645 1160 1704 quorum
1174 1626 1250 1686 fidu·

224 1731 298 1811 ‚cia
324 1733 450 1792 Monam
481 1731 616 1791 insulam
644 1737 680 1790 ut
707 1731 785 1791 viris
822 1731 991 1792 rebellibus
1019 1731 1250 1792 ministrantem

207 1855 236 1902 15
249 1838 414 1913 adgressus
431 1841 520 1912 terga
538 1836 693 1896 occasioni
711 1835 870 1914 patefecit.

289 1942 336 2003 15.
365 1943 511 2020 Namque
526 1941 669 2002 absentia
681 1941 778 2018 legati
792 1948 911 2001 remoto
925 1948 1012 2001 metu
1027 1941 1174 2002 Britanni
1188 1943 1250 2020 agi·

247 2055 314 2108 tare
328 2049 411 2107 inter
426 2066 458 2107 se
473 2028 556 2106 mala
570 2047 742 2122 servitutis,
754 2048 896 2107 conferre
910 2047 1042 2108 iniurias
1054 2053 1085 2107 et
1099 2046 1250 2127 interpre-

247 2154 343 2213 tando
364 2153 546 2213 accendere:
569 2151 650 2210 nihil
672 2151 781 2229 profici
801 2151 955 2229 patientia
970 2152 1032 2212 nisi
1051 2157 1088 2212 ut
1107 2153 1250 2228 graviora

246 2264 406 2336 tamquam
421 2277 459 2318 ex
474 2257 563 2317 facili
575 2257 782 2317 tolerantibus
797 2257 997 2334 imperentur.
1028 2256 1174 2333 Singulos
1188 2258 1249 2318 sibi

204 2378 235 2423 ao
246 2363 321 2423 olim
339 2381 426 2440 reges
446 2363 555 2438 fuisse,
570 2382 653 2422 nunc
668 2363 758 2422 binos
773 2361 902 2440 imponi,
917 2381 934 2421 e
949 2361 1063 2440 quibus
1078 2362 1200 2438 legatus
1214 2363 1248 2422 in

247 2468 438 2544 sanguinem,
460 2473 642 2546 procurator
664 2468 698 2526 in
718 2467 799 2528 bona
820 2467 962 2527 saeviret.
1005 2467 1116 2545 Aeque
1137 2467 1249 2529 discor-

246 2574 330 2634 diam
339 2573 595 2652 praepositorum,
604 2592 701 2651 aeque
710 2573 906 2633 concordiam
916 2573 1064 2634 subiectis
1074 2573 1247 2634 exitiosam

245 2678 387 2740 Alterius
408 2697 519 2738 manus
540 2678 745 2753 centuriones,
766 2677 896 2737 alterius
918 2696 1023 2739 servos
1044 2678 1109 2740 vim
1127 2683 1161 2738 et
1180 2697 1249 2740 con·

245 2785 390 2846 tumelias
408 2785 546 2845 miscere.
582 2783 674 2844 Nihil
688 2783 751 2844 iam
771 2783 946 2862 cupiditati,
961 2783 1043 2844 nihil
1057 2783 1185 2844 libidini
1199 2803 1248 2844 ex·

203 2906 232 2952 ao
244 2895 377 2967 ceptum.
419 2891 459 2948 In
478 2889 595 2966 proelio
614 2889 776 2948 fortiorem
797 2907 864 2948 esse
879 2888 934 2966 qui
954 2889 1083 2966 spoliet:
1107 2907 1190 2949 nunc
1209 2890 1249 2950 ab

245 2993 368 3070 ignavis
392 2994 574 3072 plerumque
599 2999 631 3052 et
654 2992 834 3053 imbellibus
858 2993 939 3070 eripi
966 2993 1082 3069 domos,
1106 2993 1248 3056 abstrahi

245 3098 368 3174 liberos,
381 3098 503 3175 iniungi
518 3098 661 3173 dilectus,
672 3103 833 3175 tamquam
843 3097 922 3157 mori
936 3103 1060 3157 tantum
1074 3117 1130 3175 pro
1143 3097 1248 3176 patria

244 3203 465 3265 nescientibus.
502 3203 694 3273 Quantulum
709 3202 792 3262 enim
806 3202 959 3263 transisse
973 3201 1120 3278 militurn,
1136 3202 1163 3262 si
1178 3221 1246 3264 sese

245 3309 391 3370 Britanni
415 3310 604 3368 numerent?
647 3308 699 3370 Sic
714 3307 899 3369 Germanias
924 3306 1098 3368 excussisse
1122 3306 1245 3383 iugum:

202 3435 232 3482 ³0
244 3420 276 3474 et
294 3413 431 3489 flumine,
453 3433 516 3474 non
535 3414 658 3475 Oceano
679 3413 816 3473 defendi.
859 3412 927 3473 Sibi
946 3412 1081 3490 patriam
1099 3412 1246 3489 coniuges

243 3524 398 3598 parentes,
420 3519 486 3579 illis
511 3519 675 3580 avaritiam
699 3524 731 3579 et
755 3518 912 3578 luxuriam
936 3537 1044 3580 causas
1068 3517 1144 3578 belli
1169 3535 1245 3578 esse.

244 3626 442 3699 Recessuros,
468 3629 504 3683 ut
524 3623 625 3684 Divus
650 3624 752 3684 Iulius
774 3623 963 3698 recessisset,
984 3623 1075 3684 modo
1095 3622 1246 3689 virtutem
