2880 4148
269 207 311 274 52
582 217 611 268 r.
638 215 809 269 coaunnu
831 216 957 270 rscrrr

268 397 427 452 vocentur.
483 391 612 467 Insigne
645 391 748 467 gentis
782 391 943 469 obliquare
978 390 1096 450 crinem
1126 391 1269 468 nodoque

270 497 497 572 substringere:
531 496 575 557 sic
606 496 701 556 Suebi
730 515 748 556 a
776 496 888 557 ceteris
918 496 1094 571 Germanis,
1124 496 1169 556 sic
1197 497 1270 556 Sue-

269 603 379 662 borum
402 602 571 676 ingenuis
593 601 691 662 servis
716 606 908 680 separantur.
961 601 1002 660 In
1026 601 1098 661 aliis
1123 601 1269 678 gentibus

270 725 325 768 scu
341 706 524 783 cognatione
541 706 648 784 aliqua
667 706 838 766 Sueborum
854 725 918 782 seu,
934 707 1017 785 quod
1037 725 1129 784 saepe
1144 705 1268 781 accidit,

242 825 257 870 t
270 811 454 887 imitatione,
469 830 572 871 rarum
589 819 621 871 et
635 811 719 880 iutra
733 811 878 871 iuventae
893 811 1039 888 spatium,
1055 811 1138 890 apud
1153 810 1270 872 Suebos

270 935 368 994 usque
395 917 433 976 ad
462 917 607 977 canitiem
636 917 812 976 horrentem
840 916 988 994 capillum
1016 921 1205 994 retorquent,
1233 933 1270 976 ac

271 1041 363 1099 saepe
386 1022 418 1080 in
441 1021 510 1100 ipso
531 1021 647 1082 vertice
668 1021 821 1097 religant3
849 1021 1008 1100 principes
1028 1028 1061 1081 et
1082 1021 1269 1080 ornatiorem

271 1127 395 1187 habent.
446 1127 494 1186 Ea
514 1145 588 1186 cura
609 1126 737 1200 formae,
760 1126 816 1186 sed
837 1125 983 1202 innoxia3
1008 1125 1213 1204 nequeenim
1235 1132 1271 1185 ut

265 1237 372 1291 ament
389 1237 604 1310 amenturque,
619 1231 653 1290 in
671 1231 872 1291 altitudinem
888 1231 1046 1309 quandam
1067 1237 1099 1291 et
1120 1237 1270 1292 terrorem

230 1351 259 1396 10
270 1335 388 1396 adituri
409 1333 494 1395 bella
515 1334 670 1412 comptius
690 1334 830 1396 bostium
850 1336 949 1396 oculis
969 1341 1127 1397 ornantur.

659 1535 715 1588 The
734 1536 887 1589 Semnones.

309 1651 358 1714 39.
387 1650 661 1713 Vetustissimosse
676 1648 949 1725 nobilissimosque
964 1648 1136 1709 Sueborum
1149 1649 1273 1710 Semno-

268 1777 323 1818 nes
336 1761 521 1831 memorant3
537 1755 615 1816 fides
627 1753 827 1831 antiquitatis
838 1752 988 1828 religione
1000 1753 1150 1814 firmatur.
1183 1755 1273 1815 State

269 1869 408 1939 tempore
430 1861 464 1918 in
487 1859 599 1920 silvam
621 1859 759 1935 auguriis
782 1865 906 1937 patrum
928 1865 960 1919 et
980 1859 1084 1937 prisca
1102 1859 1271 1920 formidine

270 1985 388 2028 sacram
419 1983 524 2025 omnes
556 1964 695 2024 eiusdem
727 1963 889 2040 sanguinis
920 1964 1028 2042 populi
1059 1964 1269 2040 legationibus

229 2082 257 2128 15
270 2077 383 2133 coeunt
402 2089 553 2148 caesoque
572 2069 696 2147 publice
714 2069 840 2128 homine
862 2069 1022 2130 celebrant
1043 2069 1167 2131 barbari
1189 2071 1270 2131 ritus

270 2177 425 2237 horrenda
443 2175 622 2252 primordia.
665 2175 725 2234 Est
741 2179 773 2233 ct
792 2173 855 2234 alia
875 2174 946 2234 lucc
966 2175 1157 2234 reverentia:
1180 2194 1271 2234 nemo

271 2281 333 2342 nisi
356 2280 482 2340 vinculo
506 2279 622 2356 ligatus
647 2277 831 2354 ingreditur,
853 2283 890 2338 ut
911 2278 1013 2338 minor
1030 2286 1062 2338 et
1082 2285 1272 2356 potestatem

270 2386 408 2446 numinis
423 2403 497 2463 prae
511 2403 544 2445 se
559 2384 672 2444 ferens.
717 2383 752 2444 Si
767 2384 849 2443 forte
868 2383 1032 2462 prolapsus
1047 2389 1104 2459 est,
1114 2385 1224 2444 adtolli
1239 2391 1271 2444 ct

270 2493 430 2567 insurgere
445 2490 530 2550 haud
543 2489 682 2548 licitum:
705 2507 761 2566 per
777 2489 907 2547 humum
922 2489 1116 2548 evolvuntur.
1163 2491 1271 2566 quue

228 2613 258 2658 20
271 2597 372 2658 omnis
398 2594 580 2674 superstitio
604 2593 741 2672 respicit,
764 2598 923 2670 tamquam
948 2593 1021 2652 inde
1044 2592 1137 2652 initia
1158 2593 1271 2670 gentis,

271 2703 316 2762 ibi
330 2706 475 2777 regnator
489 2685 627 2759 omnium
641 2699 727 2772 deus,
739 2703 842 2757 cetera
856 2697 997 2757 subiecta
1010 2704 1104 2774 atque
1118 2699 1270 2776 parentia:

271 2806 381 2866 Adicit
404 2804 622 2865 auctoritatem
647 2803 775 2862 fortuna
800 2803 1005 2862 Semnonum:
1032 2809 1157 2862 centum
1182 2804 1272 2880 pagis

271 2911 426 2984 habitant,
455 2926 629 2986 magnoque
657 2925 783 2985 corpore
811 2905 943 2967 efficitur
971 2913 1008 2966 ut
1036 2925 1069 2967 se
1100 2889 1272 2968 Sueborum

271 3021 366 3096 caput
387 3015 524 3076 credant.

456 3200 510 3250 Tte
529 3198 614 3250 Seven
632 3198 750 3250 Nertbus
768 3165 877 3260 Peoples
895 3199 950 3249 aad
966 3199 1035 3248 their
1052 3197 1121 3250 Oult.

230 3334 259 3380 25
311 3316 360 3378 40.
390 3317 506 3408 Contrp
526 3314 746 3390 Langobardos
772 3313 913 3391 paucitas
938 3313 1101 3374 nobilitat:
1127 3293 1286 3392 plurimis·

272 3443 307 3484 ac
331 3420 557 3482 valentissimis
581 3419 760 3480 nationibus
785 3419 882 3478 cincti
905 3438 969 3478 non
996 3439 1052 3497 per
1080 3420 1273 3497 obsequium,

272 3529 328 3588 scd
347 3525 473 3604 proeliis
495 3543 530 3585 ac
551 3524 758 3603 periclitando
779 3524 840 3584 tuti
863 3529 943 3584 sunt.
986 3525 1145 3600 Reudigni
1160 3525 1275 3587 deinde

272 3638 303 3692 ct
319 3631 456 3695 Aviones
475 3635 508 3693 et
521 3629 631 3714 Anglii
653 3634 685 3688 et
698 3628 809 3695 varini
830 3634 862 3694 et
882 3629 1022 3694 Eudoses
1045 3634 1076 3689 ct
1098 3630 1275 3710 Suardbnes
