2840 4132
250 202 269 264 6
450 253 457 266 ,
562 211 592 260 1³.
619 208 792 261 oonunnrr
814 207 939 258 rsorrr
1216 199 1232 252 r

250 385 302 444 Ita
329 384 446 444 virtute
474 384 508 444 in
535 383 742 461 obsequendo,
766 363 954 442 verecundia
981 382 1015 442 in
1043 380 1252 460 praedicando

246 486 341 549 ‘extra
361 488 513 549 invidiam
534 507 591 548 nee
613 493 702 548 extra
723 467 854 565 gloriam
876 491 950 546 erat.
1027 561 1031 575 Ι

290 594 319 656 9.
348 595 569 654 Revertentem
592 593 631 654 ab
653 593 808 669 legatione
831 591 963 670 legionis
985 591 1086 653 Divus
1110 591 1253 669 Vespasi-

251 719 330 760 anus
359 699 443 759 inter
474 699 622 777 patrieios
657 698 808 790 adscivit3
851 716 895 783 ae„
923 697 1037 758 deinde
1057 695 1252 776 provinciae
1260 764 1279 808 r

224 805 443 882 eAquitaniae
477 803 666 883 praeposuit,
695 786 1054 882 splendidaeemprimis
1088 801 1253 879 dignitatis

252 910 525 970 administratione
547 928 583 969 ao
604 927 659 987 spe
680 907 871 984 consulatus,
888 907 940 968 oui
960 907 1141 968 destinarat.
1184 906 1254 968 Cre

253 1016 332 1075 dunt
353 1014 495 1093 plerique
519 1014 709 1088 militaribus
737 1013 872 1089 ingeniis
900 1011 1108 1073 subtilitatem
1135 1011 1252 1090 deesse,
1354 1004 1358 1019 ’

253 1121 328 1198 quia
354 1121 523 1180 castrensis
550 1120 726 1180 iurisdictio
751 1137 859 1180 seeura
883 1124 915 1179 et
939 1099 1138 1179 obtusiora
1160 1117 1255 1197 plura

253 1243 348 1284 manu
375 1244 470 1300 agens
499 1224 704 1284 ealliditatem
729 1225 792 1284 fori
819 1243 883 1284 non
905 1228 1057 1284 exerceat.
1106 1221 1254 1299 Agricola

212 1345 241 1390 10
253 1330 390 1390 naturali
405 1313 581 1407 prudentia,
597 1330 741 1407 quamvis
758 1329 841 1389 inter
855 1334 986 1404 togatos,
1001 1327 1095 1389 faoile
1110 1328 1254 1406 iusteque

254 1437 372 1510 agebat.
429 1435 497 1494 Iam
525 1453 604 1494 vero·
628 1440 771 1512 tempora
799 1453 943 1494 curarum
973 1432 1254 1528 remissionumque

254 1540 372 1600 divisa:
390 1540 444 1600 ubi
455 1545 627 1600 oonventus
639 1558 674 1599 ao
685 1539 804 1599 iudicia
813 1537 1101 1702 ροεοοᾚξτανὶε
1112 1537 1253 1598 intentus

254 1663 389 1719 severus,
411 1650 444 1704 et
464 1644 589 1721 saepius
613 1644 812 1735 misericors3
830 1644 924 1736 ubio
958 1643 1007 1703 oio
1027 1642 1253 1718 satisfactum,

254 1749 343 1809 nulla
369 1748 454 1809 ultra
480 1748 647 1826 potestatis
675 1734 832 1826 personat
861 1748 1027 1810 tristitiam
1051 1754 1084 1809 et
1107 1747 1255 1824 adrogan-

211 1868 240 1914 m
254 1853 332 1913 tiam
356 1862 388 1913 et
411 1853 577 1913 avaritiam
599 1815 762 1927 exuerati
773 1855 854 1914 ·Neo
876 1853 935 1930 illi,
959 1854 1044 1932 quod
1065 1859 1115 1914 est
1137 1851 1256 1914 rarissi-

254 1975 348 2030 mum,
370 1961 425 2015 aut
452 1955 590 2016 facilitas
611 1946 838 2034 auctoritatem
865 1961 920 2016 aut
945 1956 1095 2018 severitas
1117 1975 1254 2018 amorem

252 2060 415 2120 deminuit.
456 2060 675 2136 Integritatem
690 2067 784 2138 atque
798 2060 1070 2128 abstinentiamin
1083 2067 1173 2122 tanto
1186 2063 1255 2124 viro

253 2166 370 2224 referre
389 2165 505 2225 iniuria
524 2165 678 2225 virtutum
696 2165 802 2225 fuerit.
852 2166 902 2226 Ne
917 2166 1034 2226 famam
1053 2167 1190 2243 quidem,
1204 2166 1255 2228 eui

254 2289 346 2348 saepe
369 2271 463 2331 etiam
487 2271 561 2330 boni
585 2271 759 2346 indulgent,
775 2271 962 2332 ostentanda
985 2271 1103 2331 virtute
1125 2278 1180 2332 aut
1198 2290 1254 2350 per

211 2381 353 2439 martem
373 2375 546 2452 quaesivit:
576 2375 683 2453 prooul
705 2376 745 2436 ab
767 2376 974 2436 aemulatione
997 2376 1146 2437 adversus
1157 2376 1256 2437 oonle

254 2499 317 2556 gas,
329 2481 436 2559 prooul
452 2499 471 2540 a
484 2480 683 2540 contentione
698 2481 847 2542 adversus
862 2487 1076 2559 procuratores
1088 2487 1120 2542 et
1130 2481 1255 2541 vinoere

253 2585 422 2660 inglorium
446 2591 478 2645 et
493 2585 595 2645 adteri
619 2585 779 2646 sordidum
804 2585 1021 2646 arbitrabatur.
1073 2586 1181 2648 Minus
1202 2585 1256 2646 tri·

254 2690 381 2749 ennium
395 2691 429 2748 in
443 2709 480 2751 ea
493 2691 647 2767 legatione
662 2691 807 2751 detentus
822 2709 858 2751 ao
873 2691 980 2752 statim
995 2691 1035 2750 ad
1050 2709 1137 2769 spem
1148 2709 1255 2752 oonsu-

253 2795 337 2855 latus
364 2802 526 2855 revocatus
553 2801 610 2870 est,
632 2795 802 2856 eomitante
830 2795 976 2874 opinione
1003 2795 1201 2856 Britanniam
1225 2795 1255 2855 ei

211 2925 240 2971 25
252 2900 446 2978 provinciam
464 2901 542 2976 dari,
557 2899 653 2961 nullis
673 2900 707 2960 in
725 2900 784 2961 hoe
804 2901 869 2962 suis
889 2900 1093 2977 sermonibus,
1108 2901 1164 2961 sed
1179 2900 1255 2978 quia

253 3024 311 3083 par
325 3005 497 3066 videbatur.

363 3138 460 3196 Haud
474 3137 589 3213 semper
603 3146 683 3197 errat
699 3138 812 3213 sdmo;
834 3139 999 3212 aliquando
1014 3144 1041 3196 et
1054 3136 1146 3214 oepit.

253 3266 369 3326 Consul
391 3266 532 3342 egregiae
553 3272 621 3326 tum
643 3266 711 3345 spei
732 3265 831 3326 filiam
852 3265 959 3326 iuveni
982 3265 1062 3324 mihi
1086 3265 1255 3344 despondit

253 3389 288 3430 ao
309 3371 591 3449 postconsulatum
606 3371 789 3446 oonloeavit,
802 3377 834 3430 et
848 3371 956 3431 statim
971 3369 1154 3431 Britanniae
1169 3389 1256 3448 prae·

210 3501 240 3546 30
253 3475 374 3554 positus
390 3481 447 3550 est,
462 3475 584 3535 adieoto
598 3475 799 3553 pontificatus
814 3475 993 3536 sacerdotio.
