2880 4148
245 185 286 250 18
558 194 588 244 P.
609 192 782 244 CORNELII
804 193 930 244 TACITI
1027 273 1030 281 Ι

245 372 412 444 armarent,
431 366 578 442 coniuges
600 361 770 428 ac'liberos
792 367 826 426 in
846 367 915 428 loca
934 373 1006 429 tuta
1029 363 1246 445 transferrent,

245 473 385 533 coetibus
400 491 435 532 ac
450 471 611 532 sacrificiis
625 473 887 550 conspirationem
902 473 1066 534 civitatum
1081 474 1245 536 sancirent.

246 577 352 656 Atque
372 578 419 637 ita
438 577 577 638 inritatis
597 577 755 656 utrimque
774 578 887 640 animis
904 579 1084 641 discessum.
1107 591 1126 638 ἢ

488 759 640 810 Adventare
658 761 691 823 os
703 761 746 811 tle
770 761 882 823 Uerbian
899 761 1006 812 Oobort.

270 846 335 952 328.
358 893 478 952 Eadem
505 897 622 952 aestate
653 891 761 953 cohors
790 893 961 971 Usiporum
985 911 1041 971 per
1063 893 1248 954 Germanias

219 1012 234 1057 5
247 996 423 1074 conscripta
436 1002 468 1056 ct
482 997 516 1056 in
530 997 727 1057 Britanniam
744 997 930 1058 transmissa
945 1017 1092 1076 magnum
1107 1017 1143 1058 ac
1156 1017 1249 1058 mem-

248 1102 364 1163 orabile
379 1102 502 1162 facinus
517 1121 594 1162 ausa
607 1107 662 1162 est.
706 1101 815 1163 Occiso
835 1103 1016 1162 centurione
1037 1122 1072 1163 ac
1093 1103 1248 1165 militibus

249 1207 304 1285 qui
325 1208 365 1269 ad
385 1207 569 1268 tradendam
591 1207 789 1285 disciplinam
811 1208 938 1268 inmixti
957 1208 1127 1286 manipulis
1149 1227 1249 1268 exeru-

248 1313 336 1390 plum
352 1319 384 1373 et
402 1319 536 1373 rectores
558 1313 761 1388 habebantur,
783 1313 841 1374 tris
862 1313 1031 1374 liburnicas
1053 1313 1172 1374 adactis
1193 1333 1249 1393 per

248 1417 313 1476 vim
338 1418 597 1494 gubernatoribus
618 1418 801 1494 ascendere3
824 1424 856 1478 et
876 1438 938 1478 uno
959 1424 1042 1479 retro
1066 1419 1248 1495 remigante,

207 1541 236 1587 10
249 1523 403 1600 suspectis
439 1523 559 1584 duobus
596 1542 694 1601 eoque
728 1524 912 1600 interfectis,
948 1525 1086 1584 nondum
1120 1524 1249 1600 vulgato

248 1647 370 1690 rumore
394 1636 430 1690 ut
452 1628 637 1688 miraculum
658 1629 935 1706 praevehebantur.
978 1631 1054 1689 Mox
1075 1630 1115 1690 ad
1136 1647 1250 1707 aquan-

249 1736 324 1794 dum
338 1741 431 1812 atquc
445 1734 539 1794 utilia
552 1739 677 1811 raptum
692 1735 809 1810 egressi
823 1740 940 1794 etcum
954 1734 1113 1813 plerisque
1128 1734 1250 1796 Britan·

248 1859 358 1899 norum
393 1859 450 1900 sua
484 1839 717 1899 defensantium
751 1839 870 1916 proelio
904 1840 1062 1915 congressi
1091 1858 1126 1900 ac
1156 1859 1248 1918 saepe

248 1946 391 2020 victores,
407 1945 575 2021 aliquando
589 1943 682 2022 pulsi,
695 1963 731 2004 co
745 1945 785 2004 ad
800 1949 973 2004 extremum
988 1944 1111 2022 inopiae
1127 1963 1248 2020 venere,

207 2065 235 2109 15
247 2057 284 2110 ut
304 2049 533 2110 infirmissimos
555 2067 690 2122 suorum,
712 2068 784 2108 mox
805 2055 888 2109 sorte
909 2050 1018 2110 ductos
1039 2056 1246 2111 vescerentur.

248 2156 353 2232 Atque
365 2155 409 2214 ita
427 2153 626 2213 circumvecti
648 2153 855 2228 Britanniam,
870 2153 995 2215 amissis
1016 2173 1072 2232 per
1092 2155 1249 2215 inscitiam

248 2260 376 2335 regendi
410 2259 551 2332 navibus,
580 2277 637 2335 pro
671 2259 880 2335 praedonibus
915 2259 1025 2333 habiti,
1060 2259 1195 2337 primum
1230 2279 1250 2321 a

249 2365 367 2440 Suebis,
383 2383 455 2423 mox
470 2383 488 2423 a
502 2363 613 2422 Frisiis
628 2363 794 2440 intercepti
810 2369 891 2424 sunt.
933 2364 981 2423 Ac
995 2364 1083 2424 fuere
1098 2383 1176 2442 quos
1192 2383 1249 2443 per

248 2469 423 2528 conmercia
437 2468 642 2528 venumdatos
656 2474 689 2528 et
705 2470 740 2527 in
756 2475 895 2529 nostram
910 2488 1008 2546 usque
1029 2469 1130 2547 ripam
1151 2476 1249 2530 muta-

206 2590 235 2635 ao
247 2574 332 2633 tione
347 2573 517 2632 ementium
532 2573 682 2632 adductos
696 2573 848 2633 indicium
862 2575 945 2635 tanti
956 2593 1046 2636 casus
1056 2575 1247 2636 inlustravit.

234 2724 252 2785 ὗ
543 2755 637 2806 Revolt
656 2756 689 2818 os
700 2756 743 2806 tte
765 2755 954 2808 Caledoniam.

288 2886 335 2947 29.
365 2887 463 2946 Initio
488 2887 618 2948 aestatis
646 2887 792 2964 Agricola
816 2888 985 2948 domestico
1006 2888 1134 2948 vulnere
1156 2888 1246 2966 ictus,

247 3011 328 3052 anno
347 2998 420 3052 ante
441 2999 548 3052 natum
567 2992 668 3052 filium
690 2993 804 3054 amisit.
847 2994 946 3064 Quem
968 3013 1071 3054 casum
1094 3000 1248 3072 nequent

246 3097 388 3174 plerique
409 3098 540 3156 fortium
561 3098 700 3158 virorum
721 3099 894 3173 ambitiose,
909 3117 1009 3176 neque
1031 3117 1086 3176 per
1110 3099 1249 3159 lamenta

245 3222 353 3262 rursus
375 3221 410 3262 ac
431 3221 601 3262 maerorem
612 3203 807 3263 muliebriter
817 3203 902 3278 tulit,
915 3204 970 3263 sed
981 3204 1014 3263 in
1028 3204 1114 3264 luctu
1128 3205 1246 3264 bellurn

203 3323 232 3368 25
245 3307 328 3366 inter
349 3309 488 3367 remedia
504 3314 579 3368 erat.
622 3309 726 3385 Igitur
744 3309 917 3386 praemissa
935 3309 1034 3370 classe
1053 3327 1132 3386 quae
1152 3309 1247 3386 pluri·

245 3413 302 3472 bus
320 3413 396 3472 locis
413 3413 562 3489 praedata
576 3432 721 3489 magnum
738 3420 770 3473 et
787 3414 940 3472 incertum
954 3420 1104 3474 terrorem
1119 3414 1245 3488 faceret,

245 3518 392 3594 expedito
414 3519 561 3592 exercitu,
577 3519 627 3578 cui
649 3538 686 3577 ex
709 3519 869 3578 Britannis
891 3519 1079 3578 fortissimos
1101 3526 1133 3578 et
1154 3519 1247 3595 longa

244 3642 319 3700 pace
331 3623 509 3702 exploratos
522 3624 693 3698 addiderat,
706 3624 746 3684 ad
757 3628 894 3684 montem
907 3624 1079 3702 Graupium
1091 3607 1244 3703 pervenit,
