2880 4148
575 259 780 313 casurum.
1134 247 1175 315 57

201 495 320 546 Ecaten
337 495 393 546 aad
409 494 546 546 Nortlrern
568 494 661 546 Trabes
678 495 710 558 os
723 495 857 558 Doubtsnl
877 493 1021 545 Germanic
1041 493 1145 558 Ortum.

213 633 262 696 46.
292 635 499 695 Peucinorum
513 635 774 712 Venedorumque
789 639 821 694 et
835 636 1013 694 Fennorum
1032 634 1175 695 nationes

174 740 340 801 Germanis
355 759 395 800 an
409 740 561 800 Sarmatis
576 740 750 800 adscribam
764 739 883 814 dubito,
896 758 1084 816 quamquam
1099 740 1176 799 Peu-

172 845 246 920 cini,
261 865 339 923 qnos
357 845 485 923 quidam
505 847 675 906 Bastarnas
696 850 816 919 vocant,
832 863 972 904 sermone
989 844 1086 918 cultu,
1102 845 1174 904 sede

172 969 209 1011 ac
236 950 405 1011 domiciliis
433 957 470 1010 ut
497 950 647 1012 Germani
675 956 779 1026 agunt.
834 949 945 1010 Sordes
973 949 1111 1008 omnium
1139 968 1174 1009 ac
1231 1010 1238 1014 ,

172 1061 280 1134 torpor
294 1074 465 1134 procerum.
508 1055 658 1116 Conubiis
677 1055 786 1114 mixtis
794 1054 949 1114 nonnihil
971 1053 1005 1113 in
1021 1054 1201 1126 Sarmatae

171 1180 242 1219 rum
276 1160 420 1220 habitum
454 1160 630 1235 foedantur,
655 1159 775 1220 Venedi
807 1159 941 1218 multum
969 1177 1008 1218 ex
1035 1159 1173 1220 moribus
1253 1194 1256 1196 >

170 1271 345 1326 traxerunt.
387 1266 470 1324 Nam
486 1264 641 1342 quidquid
655 1265 738 1324 inter
752 1265 905 1325 Peucinos
921 1266 1106 1341 Fennosque
1123 1264 1174 1325 sil-

171 1389 282 1430 varum
307 1389 342 1430 ac
370 1371 523 1430 montium
551 1370 682 1446 erigitur
707 1369 880 1430 latrociniis
905 1375 1075 1446 pererrant.
1127 1370 1173 1428 Hi
1242 1395 1244 1399 ’

169 1481 278 1536 tamen
292 1475 374 1534 inter
393 1477 565 1536 Germanos
585 1475 691 1553 potius
706 1475 895 1549 referuntur,
918 1473 993 1552 quia
1013 1479 1045 1533 et
1065 1475 1173 1534 domos

169 1579 274 1656 figunt
288 1586 320 1640 et
335 1585 423 1640 scuta
441 1585 565 1658 gestant
586 1586 617 1639 et
638 1581 751 1657 pedum
767 1599 826 1640 usu
847 1597 882 1639 ac
902 1577 1088 1656 pernicitate
1103 1598 1173 1654 gau·
1187 1589 1215 1634 10

170 1686 264 1745 dent:
301 1704 380 1763 quae
408 1685 512 1745 omnia
540 1685 665 1746 diversa
693 1683 843 1745 Sarmatis
873 1689 946 1743 sunt
973 1683 1007 1742 in
1032 1683 1173 1761 plaustro

169 1809 315 1869 equoque
329 1789 518 1850 viventibus,
561 1789 678 1850 Fennis
700 1789 779 1848 mira
795 1789 915 1864 feritas,
931 1789 1025 1848 foeda
1045 1808 1173 1866 pauper·

169 1902 237 1956 tas:
267 1915 331 1954 non
357 1914 452 1970 arma,
477 1915 539 1954 non
568 1895 650 1972 equi,
675 1914 738 1954 non
765 1900 910 1971 penates3
942 1893 1040 1952 victui
1065 1894 1170 1968 herba,

169 2000 302 2060 vestitui
317 2000 424 2078 pelles
440 1999 541 2060 cubile
556 1999 685 2059 humus:
709 2000 792 2060 solae
810 1999 844 2056 in
863 1998 987 2074 sagittis
1002 2017 1075 2076 opes
1093 2019 1170 2076 quas

169 2105 278 2183 inopie
301 2105 379 2164 ferri
404 2103 525 2165 ossibus
550 2110 704 2182 asperent.
758 2104 909 2181 Idemque
930 2109 1062 2164 venetus
1087 2104 1170 2164 viros
1185 2115 1213 2162 lc

169 2211 289 2288 pariter
313 2229 348 2270 ao
373 2210 507 2270 feminas
529 2209 603 2285 alit3
632 2209 750 2287 passim
778 2208 861 2268 enim
888 2207 1077 2268 comitantur
1105 2228 1171 2285 par-

168 2321 296 2392 temque
315 2316 449 2392 praedae
469 2319 589 2392 petunt.
639 2315 707 2373 Nec
728 2313 815 2372 aliud
836 2313 1012 2383 infantibus
1032 2313 1171 2372 ferarum

169 2419 378 2496 imbriumque
393 2419 560 2495 suffugium
578 2437 671 2497 quam
685 2417 768 2478 utin
785 2418 890 2495 aliquo
911 2437 1067 2477 ramorum
1088 2437 1171 2476 nexu

168 2530 392 2600 contegantur:
427 2525 489 2583 huo
513 2524 645 2583 redeunt
665 2523 803 2598 iuvenes,
826 2523 884 2582 hoc
906 2541 1015 2582 senum
1036 2528 1171 2599 recepta

168 2629 282 2690 culum.
329 2630 391 2689 Sed
414 2629 536 2690 beatius
561 2629 753 2689 arbitrantur
777 2647 871 2704 quarn
895 2627 1052 2703 ingemere
1077 2628 1169 2703 agris,
1183 2645 1213 2689 20

167 2735 344 2795 inlaborare
359 2734 511 2804 domibus,
525 2753 596 2794 suas
608 2734 789 2810 alienasque
801 2734 944 2792 fortunas
957 2751 1011 2810 spe
1022 2737 1169 2809 metuque

168 2859 307 2900 versare:
337 2840 438 2900 securi
459 2841 608 2900 adversus
629 2839 780 2913 homines,
803 2839 904 2898 securi
928 2839 1079 2898 adversus
1095 2839 1169 2899 deos

167 2965 233 3004 rem
255 2943 472 3004 difficillimam
493 2945 633 3004 adsecuti
655 2951 737 3018 sunt,
753 2951 788 3003 ut
803 2944 867 3004 illis
889 2963 928 3003 ne
948 2949 1022 3003 voto
1043 2943 1170 3020 quidem

167 3070 246 3127 opus
268 3055 358 3109 esset.
394 3045 582 3108 (lateralem
601 3045 760 3105 fabulosa:
784 3042 947 3102 Hellusios
965 3049 996 3103 et
1011 3045 1170 3116 †Oxionas
1196 3075 1199 3081 ·

167 3173 222 3215 ora
248 3153 411 3213 hominum
435 3152 610 3228 voltusque,
637 3169 766 3227 corpora
792 3156 886 3226 atque
915 3155 1002 3208 artus
1030 3149 1168 3207 ferarum
1181 3167 1211 3212 25

166 3277 287 3336 gerere:
310 3258 394 3336 quod
408 3277 464 3334 ego
478 3263 514 3316 ut
528 3256 755 3333 incompertum
769 3256 802 3312 in
816 3253 954 3313 medium
969 3253 1152 3331 relinquam.
