2880 4148
255 177 295 240 38
567 187 596 237 r.
622 186 795 238 oouunuu
818 186 944 239 rnorrl

253 360 376 438 plebem
409 359 574 421 arbitrium
609 366 665 437 est,
702 362 786 439 apud
820 361 979 440 principes
1013 368 1251 441 pertractentur.

253 466 382 542 Coeunt,
408 466 470 526 nisi
494 465 571 543 quid
595 467 762 526 fortuitum
787 473 819 526 et
843 467 980 528 subitum
1009 468 1130 545 incidit,
1159 471 1254 532 certis

253 571 371 646 diebus,
403 591 473 630 oum
506 577 560 631 aut
592 571 758 631 incohatur
790 572 866 632 luna
894 580 948 632 aut
979 573 1144 652 impletur,
1180 594 1253 636 narn

252 676 380 752 agendis
415 677 507 737 rebus
541 677 600 736 hoc
634 677 919 755 auspicatissimum
954 679 1080 739 initium
1111 681 1250 742 credunt.

224 783 319 841 tNee
340 782 460 842 dierum
481 801 654 858 numerum,
677 788 712 842 ut
732 802 798 859 nos,
822 783 877 844 sed
897 784 1033 844 noctium
1059 791 1250 863 computant.

252 887 303 947 Sic
323 887 528 962 constituunt,
543 887 588 947 sic
607 887 792 948 condicunt:
814 907 877 947 nox
893 889 1003 948 ducere
1020 889 1101 950 diem
1118 891 1250 952 videtur.

251 993 338 1052 Illud
359 1011 398 1052 ex
419 993 564 1053 libertate
585 993 707 1067 vitium,
730 995 813 1070 quod
833 1013 897 1053 non
918 995 1012 1055 simul
1033 1013 1089 1055 neo
1113 983 1149 1056 ut
1173 997 1251 1058 iussi

250 1098 449 1173 conveniunt,
482 1099 537 1158 sed
571 1104 603 1158 et
634 1098 713 1158 alter
744 1105 776 1158 et
806 1099 919 1160 tertius
950 1099 1018 1160 dies
1052 1101 1251 1162 cunctatione

250 1203 428 1262 coeuntium
461 1203 643 1264 absumitur.
700 1206 747 1265 Ut
778 1205 888 1264 turbae
920 1204 1048 1283 placuit,
1083 1207 1251 1268 considunt

209 1319 238 1366 10
250 1309 371 1368 armati.
415 1307 583 1368 Silentium
606 1327 662 1387 per
684 1293 867 1384 sacerdotes,
892 1309 1005 1388 quibus
1030 1315 1097 1369 turn
1118 1317 1151 1370 et
1171 1321 1252 1372 co'er-

249 1413 341 1473 cendi
362 1413 411 1474 ius
433 1419 489 1488 est,
507 1413 688 1491 imperatur.
730 1416 807 1473 Mox
827 1432 883 1474 rex
899 1415 949 1474 vel
971 1415 1138 1494 principes,
1158 1424 1251 1495 prout

249 1524 336 1579 aetas
351 1519 472 1596 cuique,
484 1525 577 1597 prout
591 1519 748 1595 nobilitas,
764 1525 858 1597 prout
870 1521 965 1581 decus
979 1521 1141 1598 bellorum,
1157 1529 1250 1600 prout

249 1624 399 1684 facundia
413 1630 470 1700 est,
482 1625 660 1700 audiuntur,
673 1625 859 1684 auctoritate
874 1626 1027 1686 suadendi
1041 1626 1141 1704 magis
1156 1647 1250 1705 quarn

249 1729 378 1790 iubendi
392 1735 555 1808 potestate.
589 1728 623 1788 Si
635 1727 798 1804 displicuit
810 1729 974 1804 sententia,
984 1728 1114 1788 fremitu
1125 1727 1250 1806 adsper-

207 1847 235 1894 15
248 1841 380 1911 nantur;
401 1835 450 1895 sin
465 1835 592 1912 placuit,
608 1835 742 1894 frameas
757 1834 953 1894 concutiunt:
972 1834 1249 1896 honoratissimum

248 1941 399 2000 adsensus
415 1959 511 2015 genus
526 1945 575 2000 est
589 1940 683 2000 armis
698 1939 833 1999 laudare.

289 2044 336 2104 12.
367 2045 455 2105 Licet
470 2043 553 2122 apud
567 2044 732 2103 concilium
747 2062 890 2104 accusare
902 2049 1068 2122 quoquest
1079 2044 1248 2105 discrimen

247 2151 361 2228 capitis
376 2151 546 2210 intendere.
589 2149 759 2210 Distinctio
774 2167 943 2227 poenarum
958 2168 997 2209 ex
1011 2149 1133 2210 delicto.
1175 2152 1249 2210 Pro

247 2257 364 2315 ditores
389 2262 422 2315 et
445 2255 625 2330 transfugas
650 2255 812 2316 arboribus
838 2255 1042 2332 suspendunt,
1063 2255 1192 2332 ignavos
1216 2263 1248 2317 et

204 2375 234 2421 ao
247 2361 379 2420 inbelles
400 2366 433 2420 et
453 2379 579 2438 corpore
601 2359 736 2420 infames
756 2377 852 2419 caeno
873 2378 908 2420 ac
929 2359 1052 2437 palude,
1067 2359 1184 2421 iniecta
1204 2360 1249 2420 in-

246 2484 340 2542 super
361 2471 454 2540 crate,
470 2453 623 2541 mergunt.
665 2464 842 2526 Diversitas
857 2464 1005 2542 supplicii
1018 2465 1094 2524 illuc
1109 2463 1247 2544 respicit,

245 2575 406 2646 tamquam
427 2569 544 2630 scelera
565 2570 688 2630 ostendi
708 2574 858 2648 oporteat,
875 2570 949 2629 dum
966 2569 1148 2648 puniuntur,
1163 2569 1247 2647 flagi-

245 2676 292 2735 tia
309 2676 465 2736 abscondi.
510 2675 571 2735 Sed
585 2681 617 2734 et
631 2675 799 2736 levioribus
815 2674 939 2735 delictis
954 2693 1010 2752 pro
1024 2674 1116 2736 modo
1130 2693 1244 2753 poena:

245 2799 394 2858 equorum
414 2799 621 2858 pecorumque
640 2798 768 2839 numero
786 2779 922 2840 convicti
941 2779 1125 2840 multantur.
1167 2773 1247 2842 Pars

203 2904 232 2949 25
245 2885 362 2945 multae
385 2886 451 2961 regi
475 2885 526 2944 vel
551 2885 683 2960 civitati,
708 2903 781 2962 pars
809 2884 880 2962 ipsi,
903 2884 958 2962 qui
985 2884 1173 2960 vindicatur,
1196 2885 1269 2946 vel·

244 2991 429 3068 propinquis
444 2990 510 3050 eius
526 2989 707 3050 exsolvitur.
749 2990 919 3066 Eliguntur
937 2989 970 3048 in
990 2989 1089 3050 isdem
1104 2989 1246 3051 conciliis

245 3102 276 3155 et
291 3096 448 3173 principes
463 3096 518 3173 qui
532 3095 601 3155 iura
615 3113 670 3172 per
684 3113 781 3172 pagos
793 3095 939 3172 vicosque
954 3095 1103 3171 reddunt;
1122 3094 1246 3155 centeni

245 3201 377 3276 singulis
398 3219 436 3260 ex
455 3200 546 3278 plebe
565 3200 703 3274 comites,
719 3199 884 3260 consilium
902 3199 996 3260 simul
1014 3205 1047 3264 et
1065 3199 1246 3278 auotoritas

244 3306 367 3365 adsunt.

203 3431 232 3476 sc
285 3411 332 3471 1³.
361 3411 452 3469 Nihil
481 3416 585 3470 autem
614 3428 713 3488 neque
738 3409 882 3489 publicae
906 3427 1007 3492 neque
1032 3409 1175 3488 privatae
1199 3410 1245 3470 rei

244 3518 305 3576 nisi
320 3517 433 3576 armati
447 3523 552 3592 agunt.
596 3517 658 3576 Sed
678 3535 765 3576 arma
784 3535 905 3576 sumere
922 3536 985 3575 non
1005 3521 1078 3580 ante
1100 3517 1245 3594 cuiquam

244 3622 348 3696 moris,
374 3641 468 3698 quam
492 3622 605 3682 civitas
630 3622 833 3682 suffecturum
862 3621 1050 3700 probaverit.
1106 3623 1187 3682 Tum
1212 3621 1246 3680 in
