2880 4148
587 199 784 252 AGRICOLA.
1143 191 1185 256 13

185 377 252 453 ipse
272 380 344 434 ante
362 393 482 450 agmen,
498 392 559 450 quo
578 373 689 432 ceteris
706 392 768 450 par
788 372 911 432 animus
932 373 1028 432 simili
1047 374 1185 451 periculo

186 486 277 554 esset,
292 479 392 539 erexit
406 478 511 538 aciem.
555 478 713 554 Caesaque
732 496 828 554 prope
842 477 989 537 universa
1008 484 1108 555 gente,
1123 499 1186 540 non

186 587 313 662 ignarus
328 584 508 643 instandum
526 584 628 642 famae
643 601 687 657 ac,
702 588 796 660 prout
815 582 917 660 prima
935 583 1112 660 cessissent,
1127 590 1187 645 ter·

187 711 287 750 rorem
308 689 421 759 ceteris
441 689 519 764 fore,
534 689 662 758 Monam
684 687 829 761 insulam,
848 707 866 748 a
887 689 975 748 cuius
990 690 1186 766 possessione

187 800 364 856 revocatum
388 793 558 853 Paulinum
579 793 748 852 rebellione
769 793 866 853 totius
888 794 1071 854 Britanniae
1093 807 1214 873 suprat

187 900 365 973 memoravi,
387 899 528 975 redigere
549 899 583 956 in
603 904 791 976 potestatem
812 898 915 957 animo
937 899 1082 959 intendit.
1127 901 1188 961 Sed

187 1014 223 1066 ut
243 1005 277 1064 in
296 1005 399 1065 dubiis
418 1003 558 1064 consiliis
577 1022 674 1063 naves
694 1004 838 1063 deerant:
861 1003 942 1063 ratio
962 1010 994 1064 et
1011 1006 1189 1065 constantia

188 1111 277 1171 ducis
291 1109 474 1170 transvexit.
518 1108 677 1186 Depositis
692 1109 836 1168 omnibus
856 1109 986 1169 sarcinis
1001 1110 1188 1171 lectissimos

189 1215 399 1290 auxiliarium,
421 1214 535 1292 quibus
558 1220 632 1273 nota
657 1215 738 1273 vada
761 1219 792 1272 et
817 1215 961 1291 proprius
984 1215 1081 1275 nandi
1103 1236 1187 1290 usus,

189 1341 251 1399 quo
270 1320 365 1381 simul
389 1338 484 1397 seque
509 1325 540 1378 et
564 1338 651 1378 arma
674 1325 706 1378 et
727 1337 822 1394 equos
846 1325 967 1394 regunt,
995 1320 1041 1380 ita
1062 1328 1232 1398 repentem

190 1425 321 1500 inmisit,
343 1431 379 1484 ut
399 1424 610 1502 obstupefacti
631 1424 746 1496 hostes,
769 1424 823 1501 qui
848 1424 988 1499 classem,
1011 1425 1066 1502 qui
1089 1427 1189 1502 navis,

191 1529 246 1606 qui
270 1547 355 1589 mare
377 1529 593 1607 expectabant,
607 1528 689 1587 nihil
709 1529 841 1588 arduum
855 1535 910 1588 aut
929 1511 1081 1589 invictum
1096 1528 1191 1590 ore'di-

191 1635 296 1695 derint
320 1635 365 1694 sic
389 1635 430 1694 ad
453 1633 572 1694 bellum
595 1633 802 1694 venientibus.
856 1634 908 1692 Ita
931 1635 1033 1712 petita
1056 1654 1131 1712 pace
1156 1655 1191 1695 ac

191 1740 300 1800 dedita
319 1739 424 1800 insula
444 1739 545 1798 clarus
567 1757 602 1798 ac
622 1757 753 1814 magnus
774 1739 882 1798 haberi
903 1739 1059 1814 Agricola,
1076 1741 1192 1818 quippe

192 1846 242 1905 cui
260 1843 450 1920 ingredienti
469 1843 671 1922 provinciam,
692 1845 775 1920 quod
795 1849 918 1920 tempus
940 1845 995 1904 alii
1016 1865 1072 1922 per
1094 1852 1193 1906 osten·
1207 1864 1235 1910 15

192 1951 344 2010 tationem
359 1955 391 2037 et
410 1948 579 2008 officiorum
599 1949 750 2008 ambitum
765 1949 952 2024 transigunt,
969 1928 1055 2010 labor
1070 1957 1101 2010 et
1115 1951 1194 2028 peri-

192 2055 298 2116 culum
320 2042 497 2132 placuisset.
539 2055 608 2112 Nec
629 2053 778 2129 Agricola
798 2055 1006 2131 prosperitate
1031 2075 1135 2114 rerum
1160 2056 1194 2114 in

193 2160 365 2220 vanitatem
384 2179 468 2234 usus,
484 2159 715 2236 expeditionem
735 2165 789 2218 aut
803 2161 966 2220 victoriam
986 2162 1117 2220 vocabat
1133 2161 1195 2220 vic-

194 2272 243 2325 tos
268 2264 476 2340 continuisse;
502 2282 541 2322 ne
569 2263 717 2324 laureatis
743 2265 870 2342 quidem
897 2271 986 2340 gesta
1012 2271 1194 2343 prosecutus

188 2377 252 2445 est,
278 2371 333 2431 sed
356 2370 426 2448 ipsa
450 2369 699 2430 dissimulatione
724 2370 827 2429 famae
848 2371 966 2430 famam
987 2371 1084 2446 auxit,
1107 2371 1238 2431 sesti-20

195 2476 353 2536 mantibus
368 2479 487 2552 quanta
500 2475 603 2534 futuri
618 2493 672 2551 spe
686 2479 751 2533 tam
765 2494 879 2552 magna
892 2476 1050 2536 tacuisset.

158 2575 196 2662 Q
237 2580 293 2642 19.Ι
314 2582 460 2641 Ceterum
482 2579 655 2639 animorum
676 2580 854 2656 provinciae
875 2583 1022 2658 prudens,
1041 2581 1195 2659 simulque

196 2687 306 2746 doctus
319 2704 376 2762 per
390 2685 493 2744 aliena
512 2685 726 2762 experimenta
740 2704 850 2762 parurn
864 2687 973 2763 profici
988 2687 1092 2761 armis,
1109 2687 1136 2747 si
1153 2687 1197 2745 in-

196 2791 295 2851 iuriae
310 2795 521 2868 sequerentur,
537 2808 645 2849 causas
666 2790 820 2849 bellorum
841 2791 953 2850 statuit
974 2792 1124 2850 excidere.
1167 2793 1197 2850 A

197 2915 230 2956 se
255 2871 495 2973 suisque'orsus
519 2894 655 2971 primum
682 2895 805 2953 domum
832 2915 920 2955 suam
943 2897 1088 2970 coercuit,
1113 2897 1196 2973 quod
1210 2914 1239 2959 25

196 3000 355 3080 plerisque
373 2999 459 3059 haud
479 2999 582 3059 minus
605 3000 734 3058 arduum
755 3006 804 3059 est
824 3019 916 3076 quam
940 3001 1133 3078 provinciam
1155 3021 1198 3061 re

192 3124 278 3183 gere.
327 3103 419 3168 Nihil
448 3123 502 3181 per
530 3103 659 3164 libertos
687 3123 854 3182 servosque
881 3105 1024 3182 publicae
1052 3106 1106 3181 rei,
1135 3127 1198 3166 non

198 3209 313 3271 studiis
334 3209 466 3287 privatis
483 3227 540 3268 nec
557 3227 596 3268 ex
623 3210 879 3274 commendatione
898 3216 953 3270 aut
970 3211 1112 3288 precibus
1132 3230 1199 3270 cen-

198 3315 354 3376 turionem
375 3313 532 3374 militesve
553 3314 660 3400 aspiro,
685 3315 739 3375 sed
762 3316 915 3393 optimum
939 3335 1093 3394 quemque
1114 3316 1199 3377 fidis-

199 3420 313 3480 simum
326 3425 446 3498 putare.
487 3419 600 3480 Omnia
614 3419 701 3494 scire,
718 3439 781 3479 non
795 3421 900 3480 omnia
914 3421 1051 3498 exsequi.
1086 3421 1198 3482 Parvis
1211 3441 1240 3486 ao

199 3525 336 3604 peccatis
364 3525 497 3599 veniam,
526 3525 646 3600 magnis
670 3525 869 3584 severitatem
908 3527 1108 3603 conmodare3
1141 3545 1198 3586 nec

199 3647 300 3712 poena
328 3648 457 3711 semper,
483 3630 538 3690 sed
563 3629 686 3710 saepius
708 3631 902 3710 paenitentia
926 3637 1090 3692 contentus
1113 3651 1196 3707 esse;
