2880 4148
586 186 791 239 crunnum.
1145 179 1188 244 43

188 363 336 422 referunt.
381 361 526 422 Sororum
541 361 616 421 filiis
631 361 713 420 idem
731 362 815 440 apud
829 362 1016 422 avunculum
1031 363 1086 441 qui
1104 365 1188 441 apud

189 475 310 547 patrem
334 467 442 527 honor.
500 466 632 538 Quidam
659 467 844 528 sanctiorem
871 467 1080 546 artioremque
1104 469 1188 530 hunc
1250 509 1253 513 -

187 593 301 634 nexum
323 572 485 648 sanguinis
504 572 698 632 arbitrantur
717 580 749 632 et
764 573 797 631 in
815 573 1005 650 accipiendis
1026 575 1187 636 obsidibus

188 679 286 754 magis
309 678 449 754 exigunt,
467 684 628 755 tamquam
649 683 681 737 et
700 678 840 738 animum
863 677 984 739 firmius
1008 685 1040 738 et
1062 679 1188 739 domum

163 785 173 794 ‘
187 784 283 844 latius
297 789 433 844 teneant.
472 783 614 842 Heredes
625 788 730 842 tamen
747 801 1000 861 successoresque
1012 784 1061 845 sui
1076 785 1188 862 cuique
1201 794 1215 838 t

187 889 287 964 liberi,
315 895 348 950 et
378 887 501 948 nullum
531 893 763 948 testamentum.
821 889 855 948 Si
886 888 979 948 liberi
1009 908 1073 949 non
1105 895 1187 964 sunt,

188 995 348 1073 proximus
365 994 479 1070 gradus
497 993 531 1052 in
547 993 743 1070 possessione
761 993 885 1069 fratres,
901 993 1015 1071 patrui,
1031 994 1186 1054 avunculi.

188 1101 312 1170 Quanto
333 1098 405 1177 plus
424 1099 679 1176 propinquorum,
700 1105 817 1176 quanto
842 1099 940 1158 maior
959 1098 1110 1159 adfinium
1135 1119 1189 1158 nu-

188 1197 300 1280 merus,
313 1209 402 1264 tanto
416 1203 581 1280 gratiosior
596 1210 755 1280 senectus;
775 1223 832 1264 nec
843 1204 909 1264 ulla
920 1204 1065 1264 orbitatis
1076 1205 1186 1282 pretia.
1208 1249 1211 1277 ,
1290 1241 1292 1247 ·
1312 1237 1337 1264 ι.

227 1310 276 1370 21.
306 1309 470 1386 Suscipere
484 1314 548 1368 tam
565 1309 748 1370 inimicitias
765 1328 821 1369 seu
836 1309 935 1386 patris
951 1328 1006 1371 seu
1019 1310 1189 1388 propinqui
1203 1321 1231 1366 10

189 1435 281 1493 quam
307 1414 461 1475 amicitias
483 1432 607 1474 necesse
632 1419 696 1488 est;
729 1432 786 1473 nec
814 1413 1027 1492 implacabiles
1056 1416 1186 1476 durant:

188 1521 287 1580 luitur
319 1521 401 1580 enim
433 1519 529 1579 etiam
560 1519 764 1579 homicidium
796 1529 880 1580 certo
912 1526 1122 1580 armentorum
1153 1539 1189 1581 ac

189 1645 334 1704 pecorum
356 1643 485 1684 numero
507 1625 680 1703 recipitque
701 1624 947 1686 satisfactionem
968 1626 1117 1688 universa
1139 1627 1190 1688 do

190 1750 267 1806 mus,
303 1730 425 1790 utiliter
460 1730 494 1788 in
528 1729 698 1807 publicum,
735 1730 809 1808 quia
843 1731 1079 1808 periculosiores
1115 1737 1189 1792 sunt

190 1835 379 1896 inimicitiae·
393 1835 483 1896 iuxta
502 1835 688 1895 libertatern.
1203 1851 1231 1896 115

229 1941 431 2003 Convictibus
443 1946 474 2000 et
485 1939 632 2018 hospitiis
646 1958 708 2000 non
722 1940 786 2000 alia
800 1959 875 2018 gens
891 1941 1021 2002 effusius
1035 1942 1187 2018 indulget.

189 2048 419 2124 Quemcumque
451 2045 629 2106 mortalium
661 2065 778 2107 arcere·
796 2053 879 2106 tecto
913 2029 1004 2108 nefas
1036 2048 1187 2124 habetur3

190 2171 246 2231 pro
277 2153 406 2211 fortuna
439 2151 573 2228 quisque
604 2152 763 2229 adparatis
795 2152 897 2229 epulis
929 2153 1054 2231 excipit.
1111 2153 1189 2214 Cum

189 2258 340 2332 defecere,
362 2245 417 2335 qui
445 2257 536 2316 modo
563 2257 676 2334 hospes
706 2239 819 2332 fuerat,
841 2263 1031 2318 monstrator
1058 2257 1190 2335 hospitii

189 2369 221 2424 et
239 2381 358 2439 comes;
380 2362 555 2441 proximam
575 2362 701 2421 domum
721 2381 785 2421 non
805 2362 933 2422 invitati
954 2364 1079 2423 adeunt.
1122 2363 1190 2422 Nec
1203 2377 1233 2422 ao

189 2468 337 2528 interest:
370 2467 438 2546 pari
469 2467 664 2528 humanitate
695 2467 899 2544 accipiuntur.
955 2469 1075 2527 Notum
1107 2468 1191 2544 igno

189 2580 318 2651 tumque
339 2578 492 2650 quantum
513 2573 554 2632 ad
574 2572 623 2633 ius
644 2572 779 2650 hospitis
798 2591 889 2632 nemo
911 2572 1069 2633 discernit.
1112 2574 1191 2635 Abe-

189 2679 268 2754 unti,
293 2679 321 2739 si
349 2677 427 2756 qnid
447 2677 632 2756 poposcerit,
655 2678 822 2738 concedere
846 2678 958 2754 moris;
989 2684 1022 2739 et
1042 2680 1191 2756 poscendi

189 2783 223 2844 in
244 2784 345 2844 vicem
365 2783 474 2843 eadem
495 2783 642 2842 facilitas.
686 2783 833 2844 Gaudent
854 2783 1043 2860 muneribus,
1062 2785 1116 2844 sed
1133 2799 1206 2845 nec·

189 2890 264 2949 data
290 2889 448 2966 imputant
471 2905 529 2947 nec
553 2887 690 2966 acceptis
714 2887 901 2964 obligantur.
960 2888 1079 2968 [victus
1108 2889 1191 2949 inter
1204 2904 1233 2949 25

189 2994 330 3071 hospites
351 2993 476 3074 comis]

229 3097 277 3158 22.
309 3098 423 3158 Statim
443 3116 460 3156 e
480 3116 596 3172 somno,
617 3116 710 3175 quem
731 3097 914 3175 plerumque
934 3098 968 3157 in
987 3099 1070 3158 diem
1092 3104 1191 3158 extra

189 3203 278 3278 hunt,
300 3203 455 3277 lavantur,
475 3203 600 3280 saepius
622 3203 733 3278 calida,
755 3208 791 3262 ut
813 3204 897 3280 apud
920 3223 997 3280 quos
1020 3204 1191 3281 plurimum

189 3308 290 3368 hiems
304 3314 443 3386 occupet.
485 3309 580 3368 Lauti
593 3308 698 3368 cibum
711 3309 855 3386 capiunt:
879 3314 1040 3387 separatae
1056 3309 1190 3386 singulis

189 3414 279 3474 sedes
296 3419 329 3473 et
345 3433 402 3474 sua
420 3413 531 3490 cuique
551 3431 667 3474 mensa.
709 3415 790 3472 Tum
809 3415 850 3473 ad
868 3414 994 3489 negotia
1010 3434 1067 3474 nec
1085 3416 1190 3475 minus
1204 3429 1233 3475 30

189 3537 281 3597 saepe
302 3519 343 3578 ad
363 3517 508 3578 convivia
528 3519 700 3596 procedunt
721 3519 841 3579 armati.
893 3519 984 3578 Diem
1007 3526 1190 3595 noctemque

189 3623 371 3684 continuare
399 3625 536 3702 potando
563 3623 644 3683 nulli
668 3625 822 3702 probrum.
876 3624 1019 3696 Crebrae,
1044 3631 1080 3682 ut
1108 3624 1186 3681 inte·
