2880 4148
577 223 774 277 Acmconn.
1135 214 1176 276 29

176 416 300 477 quoque
328 404 359 458 et
388 397 438 458 hio
462 397 551 458 aliud
578 415 674 473 agens
701 397 836 474 populus
861 402 893 456 et
916 401 1112 456 ventitavere
1136 397 1176 456 ad

176 505 304 564 domum
328 509 360 564 et
384 522 440 582 per
463 503 533 563 fora
556 508 588 562 et
611 502 744 562 circulos
768 501 865 562 locuti
890 507 981 577 sunt;
1013 521 1070 562 nec
1094 503 1177 579 quis-

176 628 271 687 quam
292 609 401 669 audita
421 614 520 668 morte
535 607 699 683 Agricolae
716 613 771 666 aut
785 607 920 666 laetatus
935 613 984 666 cst
998 613 1053 667 aut
1068 609 1175 668 statim

176 714 303 774 oblitus.
345 713 490 790 Augebat
511 712 743 773 miserationem
764 717 910 772 constans
932 731 1036 771 rumor
1056 721 1195 772 veneno·

175 820 401 898 interceptum:
430 818 519 878 nobis
541 817 621 876 nihil
643 817 803 894 comperti,
819 816 903 894 quod
923 816 1047 876 firmare
1065 818 1204 878 ausimo

177 926 324 985 Ceterum
337 943 393 1003 per
407 943 529 984 omnem
544 923 757 983 valetudinem
774 922 842 983 eius
863 922 1001 982 crebrius
1022 942 1116 999 quam
1137 942 1176 983 ex

176 1049 261 1090 more
292 1029 497 1108 principatus,
525 1047 581 1107 per
609 1028 736 1088 nuntios
766 1027 898 1088 visentis
930 1033 962 1087 et
993 1027 1176 1088 libertorum

176 1136 271 1214 primi
292 1142 324 1196 et
344 1136 534 1195 medicorum
555 1134 661 1194 intimi
675 1152 804 1208 venere,
827 1133 892 1194 sive
913 1153 988 1193 cura
1008 1133 1088 1194 illud
1110 1134 1177 1194 sive

176 1241 341 1318 inquisitio
368 1245 443 1300 erat.
501 1241 651 1318 Supremo
679 1239 806 1317 quidem
837 1239 888 1298 die
919 1245 1077 1299 momenta
1107 1239 1177 1316 ipsa

177 1346 353 1406 deficientis
384 1363 439 1423 per
467 1345 635 1422 dispositos
662 1363 802 1405 cursores
831 1343 977 1403 nuntiata
1003 1344 1174 1420 constabat,
1190 1352 1218 1399 10

176 1452 264 1510 nullo
285 1452 430 1511 credente
452 1451 497 1510 sic
518 1449 682 1510 accelerari
703 1468 782 1527 quae
804 1449 907 1509 tristis
929 1448 1060 1508 audiret.
1104 1449 1177 1527 Spe-

176 1556 256 1615 ciem
276 1562 383 1616 tamen
404 1555 519 1615 doloris
539 1555 636 1614 animi
653 1553 839 1636 vultu[que]
856 1573 930 1632 prae
946 1573 978 1614 se
994 1553 1077 1628 tulit,
1093 1573 1176 1615 secu-

176 1681 229 1721 rus
250 1661 314 1721 iam
335 1661 399 1720 odii
420 1665 454 1720 et
474 1660 528 1737 qui
545 1659 671 1719 facilius
689 1659 902 1720 dissimularet
918 1659 1065 1737 gaudium
1082 1680 1174 1738 quam

176 1771 303 1825 metum.
360 1765 443 1826 Satis
475 1765 638 1824 constabat
668 1764 749 1824 lecto
779 1770 980 1826 testamento.
1000 1765 1174 1842 Agricolae,

176 1891 238 1948 quo
252 1870 433 1930 coheredem
448 1869 585 1947 optimae
598 1869 688 1929 uxori
704 1875 735 1929 et
749 1869 910 1947 piissimae
926 1870 1010 1930 filiae
1026 1871 1217 1932 Domitia-15

176 1995 252 2035 num
279 1976 415 2053 scripsit,
444 1975 594 2034 laetatum
622 1994 692 2035 eum
721 1975 808 2035 velut
839 1975 955 2034 honore
987 1975 1173 2054 iudicioque.

176 2083 254 2142 Tam
275 2099 367 2140 caeca
383 2086 415 2140 et
429 2085 581 2157 conrupta
595 2099 682 2140 mens
696 2080 836 2141 adsiduis
851 2080 1084 2141 adulationibus
1098 2087 1174 2155 erat,

176 2192 212 2246 ut
225 2187 360 2247 nesciret
374 2205 393 2246 a
406 2185 487 2245 bono
501 2190 589 2262 patre
606 2205 669 2245 non
690 2185 784 2246 scribi
805 2186 952 2246 heredem
973 2186 1036 2247 nisi
1056 2185 1174 2246 malurn

176 2292 357 2370 prinoipem.

313 2482 474 2544 Reflccticns
490 2495 525 2532 on
543 2481 586 2532 the
602 2481 815 2544 opportunam
833 2483 865 2545 os
878 2483 920 2532 tis
937 2483 1034 2534 Death.

201 2576 263 2674 ἱ44.
293 2615 396 2674 Natus
410 2618 478 2672 erat
492 2612 639 2688 Agricola
653 2613 733 2672 Gaio
748 2613 878 2674 Caesare
896 2613 1025 2673 tertium
1047 2613 1174 2674 consule
1187 2621 1217 2666 20

55 2765 66 2780 ,
177 2720 286 2780 Idibus
308 2718 426 2779 Iuniis:
456 2718 590 2778 excessit
611 2724 723 2795 quarto
744 2725 776 2778 et
800 2719 1059 2796 quinquagesimo
1083 2739 1173 2795 anno,

82 2871 101 2892 f„
176 2825 296 2885 decimo
317 2823 479 2884 Kalendas
499 2823 691 2901 Septembris
710 2824 846 2899 Conlega
860 2824 1029 2901 Prisooque
1044 2825 1175 2885 consuli·
1207 2834 1225 2870 '1
1243 2860 1250 2895 ¹.

59 2891 72 2932 l
175 2930 241 2989 hus.
277 2928 366 3000 Quod
381 2928 408 2988 si
422 2928 565 2988 habitum
576 2947 698 3006 quoque
714 2929 780 2988 eius
796 2929 912 3006 posteri
927 2948 1053 2989 noscere
1064 2930 1173 3004 velint,

175 3035 334 3095 decentior
358 3052 452 3112 quam
477 3033 640 3120 sublimior
665 3034 744 3108 fuit3
777 3034 856 3092 nihil
885 3039 987 3094 metus
1015 3034 1048 3093 in
1073 3019 1185 3111 vultu,

174 3140 278 3215 gratia
303 3139 367 3199 oris
396 3145 565 3217 supererat.
622 3139 744 3198 Bonum
772 3139 874 3197 virum
901 3139 995 3198 facile
1023 3140 1173 3214 crederes
1188 3145 1216 3190 25

175 3264 323 3320 magnum
347 3243 489 3304 libenter.
541 3245 584 3303 Et
608 3243 676 3321 ipse
699 3243 834 3320 quidem,
858 3263 1047 3321 quamquam
1071 3245 1174 3304 medio

173 3349 207 3408 in
230 3349 332 3427 spatio
353 3348 492 3425 integrae
514 3348 625 3408 aetatis
647 3354 781 3425 ereptus,
798 3354 950 3424 quantum
971 3349 1011 3408 ad
1033 3348 1172 3426 gloriam,

173 3453 392 3530 longissimum
409 3471 520 3514 aevum
541 3453 669 3530 peregit.
712 3453 831 3530 Opibus
853 3453 960 3513 nimiis
981 3472 1043 3512 non
1064 3455 1175 3530 gaude-

172 3561 236 3632 bat,
260 3559 419 3637 speciosae
443 3577 506 3617 non
530 3558 732 3634 contigerant.
785 3558 906 3635 Quippe
931 3564 963 3617 et
985 3577 1060 3617 vera
1083 3559 1172 3633 bona,

172 3684 254 3748 quae
274 3663 495 3727 invirtutibus
517 3663 580 3728 sita
600 3669 682 3740 sunt,
698 3662 893 3744 impleverat,
909 3669 941 3722 et
961 3663 1117 3723 consulari
1138 3682 1173 3724 ao
1187 3676 1216 3722 30
