2840 4132
538 215 733 267 AGRICOLA.

354 398 518 461 Birtllplaca,
538 399 766 462 Permanere
789 400 929 463 Traininp.

180 513 209 574 4.
233 515 358 576 Gnaeus
382 513 484 574 Iulius
505 512 661 590 Agricola,
680 519 786 574 vetere
808 520 840 575 et
864 515 991 576 inlustri
1015 516 1140 576 Foroiu-

142 619 289 680 liensium
316 618 438 679 colonia
464 624 561 694 ortus,
589 624 756 698 utrumque
784 639 877 680 avum
907 627 1139 700 procuratorem

142 726 308 786 Caesarum
323 723 442 799 habuit,
454 740 534 802 quae
548 725 703 802 equestris
719 725 866 815 nobilitas
881 733 938 787 est.
980 727 1076 787 Pater
1090 727 1139 786 illi

142 829 243 890 Iulius
272 829 454 904 Graecinus,
477 829 625 920 senatqrii
657 829 785 905 ordinis,
810 831 916 905 studio
944 831 1140 938 eloquentiae

143 935 376 1013 sapientiaeque
391 941 506 1024 notus,
534 899 641 1012 eisqire
669 909 746 1012 iqisis
775 908 945 997 viiiutibus
973 937 1052 996 iram
1081 914 1167 998 Gaio

143 1040 284 1102 Caesaris
308 1027 455 1100 meritus:
481 1058 616 1116 namque
638 1041 682 1098 M.
707 1039 848 1100 Silanum
871 1034 1014 1102 accusare
1037 1042 1140 1102 iussus

143 1151 182 1221 et,
200 1145 275 1223 qnia
295 1145 455 1220 abnuerat,
470 1145 657 1233 interfectus
677 1149 733 1206 est.
776 1147 886 1228 Mater,
900 1147 985 1214 Iulia
1004 1147 1141 1207 Procilla

142 1250 213 1326 fuit,
228 1269 316 1337 rqrae
330 1250 493 1310 castitatis.
537 1245 582 1308 In*
596 1249 690 1310 huius
708 1251 779 1310 sinu
796 1227 1053 1329 indulgentiaque
1071 1253 1142 1311 edu-

142 1321 304 1447 cdtnsiper
325 1374 448 1415 omnam
468 1355 669 1416 honestarum
694 1355 809 1416 artium
833 1353 962 1424 cultum)
974 1357 1142 1434 pueritiam

143 1461 450 1538 adulescentiamque
470 1460 632 1536 transegit.
678 1461 899 1546 Arcebat'eum
912 1463 958 1536 ,ab
977 1462 1141 1522 inlecebris
1156 1475 1184 1520 10

143 1552 339 1646 peccantium
359 1539 482 1644 pradter
500 1543 600 1642 ipsius
621 1540 734 1626 beriam
753 1525 969 1645 integiamque
988 1555 1141 1642 naturam,

99 1691 119 1734 s
143 1672 227 1749 quod
255 1658 363 1732 statim
390 1645 539 1749 darvulus
567 1671 672 1731 sedem
700 1690 735 1730 ac
763 1671 946 1746 magistram
968 1671 1142 1731 studiorum

143 1775 320 1838 Massiliam
340 1775 460 1852 habuit,
482 1737 584 1839 ludum
606 1777 726 1837 Graeca
744 1776 891 1836 comitate
908 1782 940 1836 et
957 1777 1142 1854 provinciali

143 1881 335 1960 parsimonia
345 1881 478 1940 mixtum
493 1900 528 1941 ac
542 1881 620 1942 bene
631 1881 845 1959 compositum.
888 1882 1143 1978 Memoriateneo

143 1987 273 2048 solitum
301 1985 412 2067 ipsum,
434 2005 567 2046 narrare
589 1957 624 2046 se!
653 1986 755 2064 prima
782 1987 817 2045 in
830 1967 974 2046 ³iuventa
1003 1966 1142 2047 studium
1157 2001 1185 2046 15

142 2075 361 2171 philosophiae
383 2071 493 2190 adiius,
514 2092 659 2170 ultraque
681 2111 775 2170 quam
795 2111 976 2153 concessum
1001 2093 1143 2152 Romano

146 2199 198 2280 [ae
213 2199 378 2280 senatori],
393 2191 545 2273 hauilsse,
563 2197 597 2256 ni
616 2197 785 2275 prudentia
805 2197 914 2280 matris
929 2197 1090 2258 incensum
1107 2215 1143 2258 ao

141 2305 328 2381 flagrantem
342 2303 395 2363 ani
428 2323 481 2362 um
495 2301 690 2363 coercuisset.
729 2253 1003 2363 Sciiicetf'sublime
1018 2308 1050 2362 et
1065 2319 1144 2363 orec-

141 2417 211 2472 tum
231 2323 680 2497 id'gefflmiiiulchritudirrem
698 2426 733 2468 ac
748 2407 883 2484 speeiem
897 2426 1027 2498 magnae
1046 2409 1144 2468 excel-

63 2521 70 2540 '
141 2515 388 2602 saequevgloriae
403 2513 620 2572 vehementius
635 2531 729 2591 quam
743 2518 832 2572 caute
848 2495 1032 2590 adpetebat
1051 2513 1143 2572 'Mox
1156 2527 1185 2572 ao

140 2612 303 2697 mitigavit
326 2619 460 2680 ratioet
484 2624 579 2692 aetas,
601 2617 803 2695 retinuitque,
826 2617 910 2696 quod
930 2623 979 2678 est
1000 2617 1144 2678 difficilli-

140 2746 237 2802 mum,
253 2743 292 2786 ex
306 2724 463 2803 sapientia
476 2723 611 2783 modum.

499 2902 623 2963 Militare
645 2901 785 2964 Troininp.

182 3011 211 3074 5.
241 3010 349 3070 Prima
368 3014 540 3070 castrorum
561 3006 740 3066 rudimenta
756 3007 790 3066 in
810 3007 977 3068 Britannia
995 3007 1143 3068 Suetonio

139 3116 286 3191 Paulino,
303 3113 451 3190 diligenti
472 3132 506 3180 ac
528 3113 688 3173 moderato
710 3112 791 3188 duci,
812 3112 1006 3190 adprobavit,
1026 3113 1143 3173 electus

139 3241 236 3302 quem
264 3219 467 3281 contubernio
495 3217 683 3278 aestimaret.
736 3219 803 3278 Nec
828 3216 975 3293 Agricola
1002 3201 1142 3292 licenter,
1156 3228 1185 3274 25

137 3323 396 3388 moreliuvenum
417 3323 472 3402 qui
493 3323 640 3383 militiam
661 3323 695 3382 in
714 3322 876 3383 lasciviam
890 3327 1027 3397 vertunt,
1042 3341 1143 3399 neque
1183 3382 1191 3390 ,

139 3393 280 3509 segnitier
298 3431 341 3492 ad
354 3428 533 3508 voluptates
551 3435 598 3520 et»
613 3432 791 3488 conmeatus
813 3411 941 3486 titulum
963 3427 1143 3487 tribunatus

139 3546 175 3599 et
193 3536 351 3600 inscitiam
366 3497 511 3594 reitulit:
534 3533 589 3593 sed
603 3552 728 3593 noscere
743 3532 944 3610 provinciam,
960 3532 1046 3590 nosci
1060 3550 1144 3590 exer-

139 3643 229 3719 citui,
247 3641 367 3703 discere
388 3659 408 3700 a
427 3638 549 3718 peritis,
568 3638 658 3716 sequi
678 3638 822 3716 optimos,
837 3637 919 3696 nihil
940 3636 1088 3714 adpetere
1109 3637 1143 3695 in
