2880 4148
268 205 310 269 22
581 218 610 268 r.
637 217 811 268 conuruu
834 219 958 269 morri

266 397 366 466 tones,
388 409 427 450 ex
448 409 509 468 quo
529 389 647 450 virtute
669 397 701 450 ct
722 391 870 469 auspiciis
894 392 1018 470 imperii
1042 394 1187 470 Romani,
1209 395 1271 455 fide

267 502 362 574 atque
390 514 484 574 opera
510 501 618 556 nostra
645 496 843 556 Britanniam
872 497 1002 558 vicistis.
1060 500 1120 559 Tot
1148 501 1272 579 expedi-

267 601 415 677 tionibus,
430 607 479 661 tot
492 601 629 680 proeliis,
647 621 702 662 seu
718 603 906 662 fortitudine
921 604 1071 666 adversus
1093 605 1194 666 hostis
1216 626 1271 667 seu

266 707 421 784 patientia
442 725 477 766 ac
494 706 599 766 labore
613 725 711 784 paene
727 708 876 768 adversus
891 707 993 786 ipsam
1007 728 1111 769 rerum
1124 716 1269 772 naturam

238 827 344 890 copus
365 811 438 887 fuit,
453 830 554 889 neque
575 830 624 871 me
646 812 781 872 militum
804 831 905 890 neque
922 833 978 874 vos
997 814 1086 875 ducis
1103 817 1267 892 paenituit.

266 918 350 993 Ergo
364 917 489 993 egressi,
505 935 561 992 ego
575 922 716 976 veterum
731 917 913 992 legatorum,
928 938 983 980 vos
1000 919 1140 998 priorum
1157 923 1270 982 exerci-

267 1029 354 1082 tuum
375 1022 535 1096 terminos,
557 1021 651 1082 finem
673 1022 855 1082 Britanniae
870 1041 933 1082 uon
954 1024 1040 1084 fama
1059 1043 1116 1084 nec
1137 1045 1268 1102 rumore,

267 1128 322 1188 sed
336 1127 446 1188 castris
461 1133 494 1186 et
510 1127 605 1188 armis
623 1133 783 1188 tenemus:
813 1128 943 1188 inventa
963 1129 1129 1190 Britannia
1148 1136 1181 1191 et
1202 1132 1270 1191 sub

266 1238 343 1293 acta.
385 1232 542 1310 Equidem
563 1251 655 1310 saepe
676 1232 710 1291 in
731 1233 863 1309 agmine,
879 1252 949 1293 cum
965 1253 1021 1294 vos
1038 1234 1169 1312 paludes
1186 1255 1270 1294 mon·

225 1344 376 1415 1otesque
400 1344 433 1397 et
457 1337 586 1398 flumina
611 1338 792 1414 fatigarent,
814 1339 982 1399 fortissimi
1006 1339 1155 1417 cuiusque
1178 1358 1268 1402 voces

266 1443 446 1504 audiebam:
477 1444 619 1521 ‘quando
641 1443 768 1504 dabitur
789 1444 898 1520 hostis,
921 1445 1046 1522 quaudo
1063 1447 1080 1518 †
1100 1445 1268 1506 animus?'

265 1549 406 1624 veniunt,
432 1567 449 1608 e
477 1548 606 1610 latebris
635 1549 701 1610 suis
729 1549 858 1624 extrusi,
883 1555 916 1608 et
943 1555 1018 1609 vota
1043 1549 1207 1628 virtusque
1235 1551 1268 1610 in

266 1660 383 1732 aperto,
409 1653 575 1732 omniaque
603 1673 702 1732 prona
725 1654 897 1714 victoribus
925 1659 1019 1732 atque
1044 1656 1152 1714 eadem
1176 1655 1269 1716 vietis

266 1763 404 1823 adversa.
447 1764 531 1822 Nam
553 1767 585 1821 et
606 1779 768 1838 superasse
789 1765 913 1820 tantum
935 1759 1067 1836 itineris,
1083 1761 1180 1821 silvas
1200 1781 1270 1822 eva·

225 1874 253 1919 15
267 1869 354 1943 sisse,
369 1868 520 1928 transisse
542 1866 699 1926 aestuaria
719 1865 884 1943 pulchrum
907 1884 942 1926 ac
964 1866 1108 1926 decorum
1131 1866 1166 1925 iu
1186 1867 1269 1926 fron-

266 1980 339 2048 tem,
355 1974 457 2052 (item)
472 1971 666 2060 fugientibus
688 1971 954 2048 periculosissima
974 1989 1054 2048 quae
1071 1971 1164 2031 hodie
1185 1991 1269 2050 pros-

266 2079 402 2156 perrima
430 2083 519 2153 suut3
555 2095 656 2154 neque
684 2076 767 2135 enim
796 2075 885 2136 nobis
914 2080 969 2136 aut
995 2076 1132 2136 locorum
1160 2077 1267 2138 eadem

266 2184 380 2243 notitia
403 2189 458 2242 aut
482 2187 699 2242 conmeatuum
724 2181 832 2240 eadem
855 2181 1057 2255 abundantia,
1080 2182 1135 2240 sed
1157 2200 1268 2241 manus

266 2296 298 2348 et
319 2297 415 2348 arme'
426 2294 457 2346 et
478 2288 509 2346 iu
532 2287 582 2346 his
603 2286 715 2346 omnia.
758 2287 848 2356 Quod
865 2287 968 2344 adme
983 2286 1114 2360 adtinet,
1130 2286 1192 2346 iam
1207 2287 1269 2364 pri-

223 2403 253 2448 uo
266 2394 337 2452 dem
352 2393 431 2451 mihi
445 2393 604 2450 decretum
619 2396 667 2450 est
681 2409 781 2467 neque
796 2390 951 2450 exercitus
965 2409 1066 2467 neque
1078 2391 1166 2450 ducis
1180 2397 1269 2464 terga

265 2504 336 2558 tuta
349 2515 425 2556 esse.
468 2495 603 2554 Proinde
625 2500 657 2553 et
673 2493 806 2554 honesta
820 2513 912 2568 mors,
927 2494 1013 2572 turpi
1027 2495 1094 2554 vita
1110 2494 1221 2572 potior,
1236 2501 1268 2554 et

265 2601 465 2660 incolumitas
480 2617 515 2659 ac
531 2600 624 2658 decus
640 2599 748 2659 eodem
764 2599 831 2658 loco
846 2599 908 2658 sita
923 2606 1012 2674 sunt;
1028 2618 1084 2659 nec
1100 2599 1268 2676 inglorium

265 2706 363 2765 fuerit
382 2705 415 2763 in
430 2705 500 2782 ipso
514 2709 667 2763 terrarum
682 2723 717 2764 ac
733 2711 862 2790 naturae
876 2703 938 2763 fine
952 2704 1123 2764 cecidisse!

306 2809 354 2870 34.
385 2810 436 2868 ‘Si
457 2828 555 2868 novae
579 2815 687 2886 gentes
712 2816 806 2886 atque
831 2809 939 2885 ignota
959 2810 1042 2869 acies
1063 2809 1267 2886 constitisset,

222 2931 251 2975 25
265 2916 399 2976 aliorum
418 2915 613 2974 exercituum
633 2915 786 2992 exemplis
801 2934 856 2974 vos
876 2914 1034 2974 hortarer:
1060 2933 1143 2974 nunc
1162 2921 1268 2975 vestra

265 3022 376 3080 decora
404 3026 570 3093 recensete,
596 3025 717 3079 vestros
746 3019 851 3078 oculos
879 3019 1077 3096 interrogate.
1121 3019 1166 3078 Hi
1194 3026 1269 3080 sunt

265 3145 343 3203 quos
358 3125 500 3202 proximo
515 3143 596 3183 anno
611 3143 705 3184 unam
720 3124 875 3199 legionem
886 3124 973 3183 furto
988 3123 1088 3184 noctis
1104 3124 1267 3200 adgressos

264 3231 398 3290 clamore
418 3229 617 3303 debellastis3
643 3230 676 3287 hi
698 3235 871 3288 ceterorum
891 3229 1113 3288 Britannorum
1135 3229 1269 3305 fugacis

265 3335 337 3394 simi
355 3335 487 3411 ideoque
504 3340 569 3394 tam
586 3335 641 3393 diu
660 3334 854 3411 superstites.
897 3334 964 3404 Quo
983 3334 1075 3393 modo
1093 3333 1191 3394 silvas
1210 3333 1269 3394 sal-

223 3452 252 3497 30
265 3447 378 3518 tusque
395 3440 630 3518 penetrantibus
645 3439 852 3499 fortissimum
868 3439 1013 3517 quodque
1028 3439 1145 3499 animal
1160 3445 1269 3500 contra

265 3555 363 3620 ruere,
383 3546 499 3622 pavida
520 3552 552 3603 et
573 3545 687 3604 inertia
711 3545 780 3622 ipso
804 3544 938 3620 agminis
964 3563 1039 3604 sono
1060 3544 1267 3622 pellebantur,

266 3652 310 3712 sio
336 3650 479 3710 acerrimi
507 3650 731 3709 Britannorum
755 3648 817 3709 iam
843 3649 963 3728 pridem
988 3649 1176 3726 ceciderunt,
1199 3649 1270 3710 reli·
