2880 4148
558 198 755 252 Acnrcors.
1117 188 1158 254 23

158 397 239 453 quus
254 382 302 435 est
316 395 462 435 numerus
477 376 659 451 ignavorum
675 381 707 436 et
721 375 935 435 metuentium.
976 373 1060 445 Quos
1074 375 1158 452 quod

157 482 285 542 tandem
304 481 480 554 invenistis,
498 481 560 539 riou
580 481 772 556 restiterunt,
793 481 848 540 sed
869 480 1054 558 deprehensi
1072 486 1157 556 sunt,

159 587 345 646 novissimae
360 605 409 646 res
424 591 456 644 et
469 592 624 644 extremus
643 592 744 646 metus
763 604 891 663 corpora
909 585 1044 644 defixere
1059 585 1093 644 in
1107 585 1158 646 his

157 692 310 767 vestigiis,
332 693 366 750 in
390 691 503 769 quibus
528 691 692 768 pulchram
715 697 747 750 et
770 691 973 769 spectabilem
995 691 1158 751 victoriam

158 797 300 858 ederetis.
343 797 523 874 Transigite
540 816 611 857 cum
628 797 889 875 expeditionibus,
903 787 1056 875 imponite
1071 797 1186 874 quin-5

158 902 311 980 quaginta
336 901 427 962 annis
455 921 602 978 magnum
627 902 720 978 diem,
742 903 912 981 adprobate
941 903 986 962 rei
1014 903 1158 980 publicae

159 1027 327 1086 numquam
355 1007 507 1067 exercitui
535 1007 685 1086 imputari
713 1009 853 1086 potuisse
878 1013 932 1068 aut
956 1026 1058 1068 moras
1082 1007 1158 1069 belli

159 1119 214 1173 aut
234 1131 343 1174 causas
364 1111 557 1172 rebellandi!

450 1303 541 1353 Barca
558 1308 587 1353 ct
604 1303 701 1353 Mouet
721 1301 867 1366 Graupius.

198 1425 246 1486 35.
276 1427 319 1486 Et
339 1425 526 1504 adloquente
547 1425 649 1486 adhuc
668 1427 816 1502 Agricola
830 1426 966 1486 militum
980 1426 1073 1486 ardor
1087 1426 1160 1486 emi-

156 1531 262 1606 nebat,
277 1537 309 1590 et
329 1531 424 1606 finem
445 1530 594 1590 orationis
616 1531 726 1606 ingens
747 1531 893 1590 alacritas
914 1537 1081 1590 consecuta
1103 1515 1160 1603 est,
1176 1538 1204 1581 1⁰

157 1637 329 1714 statimque
346 1635 386 1696 ad
400 1655 487 1696 arma
501 1636 683 1696 discursum.
726 1636 898 1696 Instinctos
914 1637 1095 1714 ruentisque
1116 1637 1162 1698 ita

157 1741 324 1820 disposuit,
345 1746 381 1801 ut
401 1741 543 1820 pediturn
566 1741 694 1815 auxilia,
717 1760 796 1819 quae
821 1747 890 1801 octo
915 1740 1037 1799 milium
1061 1748 1159 1816 erant,

157 1846 295 1906 mediam
314 1846 412 1906 aciem
431 1845 600 1922 firmarent,
615 1846 757 1924 equitum
771 1846 834 1906 tria
848 1846 937 1920 milia
950 1845 1095 1905 cornibus
1111 1847 1161 1906 ad-

156 1951 375 2012 funderentur.
417 1951 570 2027 Legiones
585 1951 739 2030 provallo
754 1957 877 2024 stetere,
889 1951 999 2026 ingens
1011 1951 1161 2010 victoriae

156 2057 253 2116 decus
272 2056 352 2116 citra
371 2057 549 2116 Romanum
569 2057 751 2134 sanguinem
773 2055 921 2130 bellandi,
937 2061 969 2115 et
997 2056 1160 2130 auxilium,
1176 2063 1204 2109 rc
1290 2095 1293 2101 .

156 2163 186 2222 si
215 2161 414 2240 pellerentur.
457 2162 680 2222 Britannorum
699 2162 780 2222 acies
800 2161 833 2220 in
856 2161 991 2238 speciem
1011 2161 1105 2221 simul
1126 2180 1161 2221 ac

156 2273 309 2326 terrorem
337 2267 523 2328 editioribus
556 2267 633 2326 locis
666 2267 851 2326 constiterat
879 2265 933 2340 ita,
961 2272 998 2326 ut
1026 2266 1162 2344 primum

156 2391 271 2447 agmen
295 2371 328 2430 in
351 2389 458 2449 aeque,
481 2371 576 2430 ceteri
598 2389 654 2448 per
676 2371 798 2430 adclive
817 2371 925 2446 iugum
945 2371 1056 2430 conexi
1075 2371 1162 2430 velut

157 2477 373 2553 insurgerent;
397 2476 501 2536 media
517 2476 619 2553 campi
640 2476 838 2535 covinnarius
860 2493 954 2552 eques
974 2475 1110 2552 strepitu
1127 2494 1162 2535 ac

156 2582 303 2642 discursu
329 2580 514 2658 complebat.
566 2583 647 2640 Tum
668 2581 816 2656 Agricola
837 2585 1003 2657 superante
1024 2580 1163 2639 hostium
1175 2591 1205 2636 ao

157 2687 362 2746 multitudine
374 2687 502 2760 veritus,
517 2704 556 2745 ne
571 2686 604 2744 in
618 2687 754 2744 frontem
769 2685 863 2746 simul
877 2691 909 2744 et
923 2685 1023 2745 latera
1037 2703 1162 2744 sucrum

156 2798 359 2872 pugnaretur,
388 2792 525 2852 diductis
563 2792 734 2866 ordinibus,
763 2810 951 2869 quamquam
991 2791 1162 2868 porrectior

155 2897 242 2958 acies
269 2897 378 2957 futura
402 2903 470 2956 erat
494 2903 527 2956 et
551 2897 751 2956 arcessendas
776 2897 917 2974 plerique
945 2896 1084 2971 legiones
1112 2896 1164 2955 ad·

156 3002 337 3076 monebant,
352 3003 525 3080 promptior
541 3003 575 3060 in
593 3020 680 3079 spem
695 3008 727 3060 et
740 3001 849 3062 firmus
867 3001 1018 3076 adversis,
1033 3001 1163 3061 dimisso

156 3126 239 3185 equo
260 3107 356 3185 pedes
378 3113 451 3166 ante
473 3106 591 3166 vexilla
611 3107 762 3166 constitit.
1175 3121 1204 3165 25

199 3211 248 3274 36.
281 3212 329 3272 Ac
346 3212 447 3290 primo
462 3229 629 3287 congressu
649 3213 770 3271 eminus
791 3211 983 3287 certabatur3
1007 3210 1161 3288 simulque

155 3318 345 3392 constantia,
361 3317 455 3377 simul
473 3322 540 3376 arte
558 3317 704 3376 Britanni
720 3317 900 3392 ingentibus
918 3316 1033 3392 gladiis
1050 3321 1081 3374 et
1098 3316 1162 3375 bre

155 3423 250 3483 vibus
264 3422 378 3482 caetris
393 3422 527 3484 missilia
537 3427 714 3481 nostrornm
725 3423 825 3481 vitare
837 3422 888 3481 vel
902 3427 1056 3495 excutere,
1068 3426 1162 3498 atque

155 3529 218 3608 ipsi
241 3547 387 3604 magnam
409 3528 473 3586 vim
494 3527 626 3587 telorum
649 3527 884 3604 superfundere,
900 3527 997 3585 denec
1015 3525 1164 3600 Agricola

155 3637 351 3694 Batavorum
372 3632 514 3692 cohortes
535 3633 593 3692 tris
615 3651 650 3692 ac
672 3634 867 3706 Tungrorum
886 3631 964 3690 duas
983 3630 1162 3689 cohortatus
1175 3641 1205 3686 3ο
