2880 4148
265 189 308 253 48
579 198 608 248 r.
635 196 808 248 couunnn
831 197 956 248 rscmr

264 376 396 445 noctem,
412 370 571 429 fortunam
585 369 667 428 inter
682 368 785 444 dubia,
800 368 950 429 virtutem
963 369 1047 429 inter
1060 375 1145 431 certa
1162 390 1268 432 nume·
1317 399 1323 416 ·

264 495 342 551 rare,
357 475 501 553 quodque
522 474 716 535 rarissimum
738 493 795 534 nec
816 471 879 534 nisi
900 475 1059 535 Romanae
1080 476 1264 555 disciplinae

264 564 454 654 concessum,
482 579 554 659 plus
582 597 731 657 reponere
760 579 794 638 in
823 579 900 639 duce
932 599 1025 658 quam
1053 581 1088 640 in
1116 583 1264 642 exercitu.

264 686 363 748 Omne
377 686 470 745 robur
485 686 518 743 in
533 685 649 762 pedite,
662 703 755 762 quem
770 703 863 763 super
878 703 965 745 arma
979 686 1179 748 ferramentis
1194 669 1265 765 quo

235 803 325 869 oque
352 797 384 851 et
411 790 511 869 copiis
539 795 685 850 onerant:
718 787 799 850 ¹alios
827 790 868 850 ad
895 789 1048 868 proelium
1076 791 1122 852 ire
1147 793 1264 872 videas,

263 896 395 958 Chattos
420 897 460 956 ad
488 895 613 955 bellum.
667 895 744 954 Rari
758 913 907 956 excursus
934 900 967 955 et
993 896 1128 956 fortuita
1150 917 1263 975 pugna.

263 1001 465 1078 Equestrium
487 1019 560 1061 sane
582 999 698 1059 virium
720 999 753 1058 id
772 999 942 1078 proprium,
961 999 1023 1061 cito
1045 1020 1154 1079 parare
1171 987 1265 1062 victo

263 1107 351 1182 riam,
366 1105 429 1166 cito
449 1106 575 1166 cedere:
601 1104 750 1164 velocitas
771 1105 862 1166 iuxta
881 1105 1092 1181 formidinem,
1107 1089 1265 1168 cunctatio

262 1211 389 1291 propior
402 1210 595 1271 constantiae
610 1215 666 1270 est.

221 1331 250 1377 ιο
303 1316 351 1378 31.
380 1317 422 1376 Et
443 1316 514 1377 aliis
536 1317 763 1377 Germanorum
784 1314 909 1392 populis
929 1321 1115 1394 usurpatum
1137 1336 1207 1377 raro
1232 1325 1264 1378 et

262 1422 386 1500 privata
414 1421 564 1499 cuiusque
593 1419 743 1480 audentia
771 1420 857 1498 apud·
884 1420 1015 1481 Chattos
1029 1421 1063 1480 in
1078 1440 1263 1483 consensum

262 1527 367 1602 vertit,
389 1532 425 1586 ut
449 1526 586 1604 primum
610 1524 813 1600 adoleverint,
836 1524 954 1584 crinem
981 1525 1170 1604 barbamque
1194 1528 1264 1588 sub

262 1633 396 1706 mittere,
414 1649 471 1690 nec
488 1630 550 1690 nisi
571 1630 660 1690 hoste
680 1646 769 1690 caeso
790 1648 903 1689 exuere
919 1630 1060 1690 votivum
1080 1631 1264 1708 obligatum·

262 1757 322 1815 que
339 1737 451 1796 virtuti
472 1737 535 1796 oris
556 1735 707 1795 habitum.
765 1735 864 1812 Super
892 1735 1076 1812 sanguinem
1103 1743 1135 1796 et
1163 1738 1264 1815 spolia

220 1857 248 1903 15
262 1841 403 1902 revelant
430 1842 575 1915 frontem,
604 1858 698 1917 seque
726 1845 794 1899 tum
822 1840 947 1900 demum
979 1841 1081 1918 pretia
1114 1843 1263 1902 nascendi

262 1946 423 2006 rettulisse
438 1946 611 2023 dignosque
625 1944 728 2023 patria
742 1963 777 2004 ac
792 1945 975 2024 parentibus
989 1945 1114 2006 ferunt:
1140 1947 1263 2023 ignavis

260 2057 292 2112 et
310 2050 490 2110 imbellibus
510 2055 615 2110 manet
640 2049 774 2128 squalor.
818 2049 1021 2112 Fortissimus
1046 2051 1178 2130 quisque
1202 2039 1263 2112 ier·

262 2173 349 2214 reum
380 2155 508 2232 insuper
539 2154 667 2214 anulum
699 2153 954 2234 (ignominiosum
981 2155 1015 2214 id
1045 2157 1146 2238 genti)
1174 2157 1263 2218 velut

261 2259 422 2319 vinculum
447 2265 558 2336 gestat,
580 2260 677 2319 donec
702 2278 735 2320 se
756 2259 849 2319 caede
873 2259 974 2322 hostis
998 2261 1148 2322 absolvat.
1190 2263 1263 2322 Plu-

219 2378 248 2424 20
261 2364 349 2425 rimis
384 2364 569 2426 Chattorum
603 2364 655 2424 hic
688 2364 793 2442 placet
826 2364 961 2441 habitus,
990 2365 1114 2444 iamque
1148 2375 1263 2428 canent

261 2470 400 2546 insignes
421 2476 453 2530 et
473 2470 616 2530 hostibus
636 2469 729 2530 simul
749 2469 875 2548 suisque
896 2471 1070 2531 monstrati.
1114 2472 1262 2533 Omnium

261 2594 356 2654 penes
378 2575 436 2636 hos
460 2575 554 2635 initia
578 2593 769 2653 pugnarum3
799 2575 876 2635 haec
901 2576 1003 2653 prima
1023 2593 1145 2655 semper
1169 2579 1261 2652 acies,

257 2683 328 2743 visu
353 2700 442 2756 nova,
464 2699 536 2738 nam
560 2699 599 2739 ne
625 2681 658 2739 in
683 2700 757 2758 pace
779 2681 904 2758 quidem
928 2681 1016 2740 cultu
1036 2681 1160 2742 mitiore
1178 2701 1262 2744 man·

261 2788 415 2844 suescunt.
458 2781 549 2841 Nulli
571 2782 681 2842 domus
699 2788 754 2842 aut
773 2801 847 2860 ager
863 2789 918 2843 aut
933 2784 1039 2863 aliqua
1055 2805 1145 2848 cura:
1167 2795 1261 2866 prout

217 2905 247 2950 25
260 2889 299 2948 ad
314 2905 468 2965 quemque
483 2905 604 2962 venere,
619 2887 755 2962 aluntur,
772 2888 894 2966 prodigi
911 2888 1016 2965 alieni,
1031 2898 1261 2972 contemptores

260 2993 318 3068 sui,
333 2993 430 3052 donec
447 2991 613 3069 exsanguis
633 2997 775 3053 senectus
792 2998 857 3053 tam
877 2995 972 3055 durae
991 2995 1103 3057 virtuti
1124 2997 1260 3078 impares

259 3098 364 3158 faciat.

583 3186 635 3236 The
654 3187 727 3249 Usipi
743 3188 798 3238 aad
814 3187 940 3238 Tencteri.

297 3301 344 3363 82.
374 3301 515 3361 Proximi
526 3301 650 3364 Chattis
665 3307 785 3362 certum
798 3302 861 3362 iam
875 3302 964 3364 alveo
975 3304 1130 3384 Rhenum,
1142 3308 1258 3387 quique

257 3407 410 3468 terminus
429 3425 497 3467 esse
516 3406 657 3479 sufficiat,
673 3388 768 3486 sJsrpi
788 3426 823 3467 ac
842 3409 985 3468 Tencteri
1005 3411 1121 3472 colunt.
1164 3416 1259 3475 Tenc·

215 3513 317 3578 soteri
341 3529 434 3590 super
459 3512 586 3572 solitum
606 3511 760 3572 bellorum
781 3513 874 3573 decus
896 3517 1050 3592 equestris
1071 3518 1258 3597 discipliuae

256 3624 322 3680 arte
344 3616 554 3696 praecelluut3
583 3635 640 3678 nec
658 3617 757 3679 maior
773 3619 856 3700 apud
877 3618 1009 3681 Chattos
1027 3623 1168 3704 peditum
1187 3625 1256 3688 laus
