2880 4148
599 193 803 248 casurum.
1159 187 1200 252 33

198 386 342 446 asperam
361 367 456 444 caelo,
477 368 602 430 tristem
624 367 711 430 cultu
733 370 953 446 adspectuque,
972 368 1079 428 nisisi
1099 369 1202 446 patria

198 473 267 534 sit?

239 577 405 640 Celebrant
426 579 618 640 carminibus
639 579 787 658 antiquis,
803 579 887 656 quod
907 599 1004 638 unum
1025 581 1109 658 apud
1128 581 1200 641 illos

197 684 365 744 memoriae
387 691 418 745 et
439 683 600 744 annalium
621 703 718 761 genus
740 689 797 760 est,
813 684 995 744 Tuistonem
1010 685 1102 744 deum
1116 691 1201 746 terra
1234 733 1238 740 .

198 789 318 850 editum
332 795 364 850 et
377 789 480 850 filium
494 791 647 850 Mannum
662 789 814 867 originem
831 790 934 867 gentis
952 790 1198 869 conditoresque.
1213 804 1228 849 o

198 895 316 954 Manno
330 895 388 956 tris
403 895 485 956 filios
500 895 677 971 adsignant,
693 914 709 954 e
724 914 856 972 quorum
870 895 1049 956 nominibus
1064 897 1201 974 proximi

198 999 322 1060 Oceano
336 1001 539 1077 Ingaevones,
554 1001 651 1061 medii
666 1001 885 1076 Herminones,
901 1001 998 1060 ceteri
1017 1002 1200 1062 Istaevones

198 1111 357 1165 vocentur.
399 1106 532 1177 Quidam
564 1106 654 1166 utin
675 1105 804 1166 licentia
824 1107 1001 1182 vetustatis,
1021 1107 1121 1184 pluris
1144 1109 1201 1168 deo

198 1217 293 1286 ortos,
307 1211 469 1290 plurisque
486 1211 588 1288 gentis
608 1211 845 1290 adpellationcs,
861 1213 983 1272 Marsos
1001 1213 1200 1274 Gambrivios

199 1316 318 1376 Suebos
350 1315 516 1376 Vandilios
551 1315 727 1392 adfirmant,
763 1335 861 1394 eaque
895 1335 970 1376 vera
1004 1323 1036 1377 et
1070 1318 1201 1395 antiqua
1214 1333 1243 1378 10

198 1421 334 1481 nomina.
370 1421 515 1482 Ceterum
531 1421 717 1482 Germaniae
732 1421 918 1481 vocabulum
932 1441 1038 1483 recens
1054 1429 1086 1482 ct
1100 1442 1200 1500 nuper

199 1525 351 1602 auditum,
367 1527 514 1604 quoniam
531 1526 586 1604 qui
605 1527 700 1604 primi
718 1527 866 1586 Rhenum
886 1527 1074 1604 transgressi
1092 1528 1200 1590 Gallos

199 1631 378 1708 expulerint
397 1629 448 1710 [ac
465 1650 548 1692 nunc
570 1632 716 1713 Tungri}
731 1638 807 1691 tunc
828 1632 977 1693 Germani
995 1632 1098 1692 vocati
1119 1632 1199 1693 sint:

199 1737 246 1796 ita
273 1737 409 1796 nationis
436 1755 559 1812 nomen,
581 1756 644 1797 non
671 1737 774 1813 gentis
802 1737 957 1798 evaluisse
981 1737 1143 1815 paulatim,
1165 1744 1202 1798 ut

200 1860 306 1902 omnes
321 1841 457 1920 primum
472 1861 491 1902 a
505 1841 622 1901 victore
637 1842 676 1902 ob
690 1847 817 1917 metum,
832 1850 906 1901 mox
920 1842 1015 1902 ctiam
1030 1861 1049 1903 a
1062 1861 1095 1903 se
1112 1843 1200 1921 ipsis,
1215 1856 1243 1901 15

200 1946 329 2005 invento
344 1946 478 2021 nomine,
494 1946 643 2007 Germani
658 1951 849 2006 vocarentur.

241 2049 269 2110 3.
297 2050 409 2110 Fuisse
429 2051 514 2128 apud
535 2069 587 2111 eos
608 2057 640 2110 et
661 2051 832 2110 Herculem
853 2057 1036 2128 memorant,
1054 2052 1202 2130 primum-

200 2173 261 2233 que
285 2155 422 2215 cmnium
449 2156 586 2215 virorum
611 2157 742 2216 fortium
766 2156 843 2216 ituri
871 2157 905 2215 in
931 2157 1051 2234 proelia
1075 2163 1199 2217 canunt.

202 2261 284 2320 Sunt
307 2260 372 2320 illis
395 2261 473 2321 haec
498 2280 620 2339 quoque
646 2261 792 2336 carmina,
817 2281 946 2338 quorum
973 2263 1084 2339 relatu,
1108 2281 1200 2340 quem

200 2365 359 2425 harditum
383 2371 505 2442 vocant,
528 2366 702 2426 accendunt
723 2367 844 2427 animos
866 2366 1054 2444 futuraeque
1078 2387 1200 2445 pugnae
1214 2377 1244 2424 ac

200 2471 360 2531 fortunam
387 2471 457 2549 ipso
484 2477 579 2532 cantu
606 2477 815 2548 augmentum
850 2477 970 2532 terrent
997 2473 1081 2531 enim
1104 2473 1202 2550 trepi-

201 2575 326 2652 dantvc,
355 2581 448 2654 prout
476 2576 581 2636 sonuit
608 2576 699 2651 acies,
728 2595 785 2635 neo
812 2582 878 2636 tam
906 2577 992 2636 vocis
1022 2577 1077 2637 ille
1108 2597 1202 2654 quam

201 2680 330 2742 virtutis
344 2686 512 2742 concentus
527 2681 659 2742 videtur.
703 2681 895 2744 Adiectatur,
908 2681 1074 2760 praecipue
1089 2683 1203 2760 asperi·

201 2790 251 2846 tas
272 2785 341 2846 suni
361 2791 393 2846 et
414 2786 550 2846 fractum
574 2805 722 2861 murmur,
745 2785 874 2846 obiectis
896 2787 936 2846 ad
957 2805 991 2847 os
1013 2787 1119 2862 scutis,
1141 2806 1203 2865 quo

201 2890 324 2968 plenior
340 2896 372 2950 et
393 2891 516 2967 gravior
532 2910 594 2950 vox
615 2909 799 2968 repercussu
817 2891 1013 2952 intumescat.
1057 2893 1203 2952 Ceterum
1215 2907 1244 2952 25

202 3001 234 3055 et
248 2995 367 3056 Ulixen
381 2996 509 3072 quidam
524 2995 692 3073 opinantur
707 2995 800 3072 longo
818 2996 876 3056 illo
894 3002 926 3056 ct
942 2996 1086 3074 fabuloso
1100 3016 1203 3056 errore

202 3101 235 3159 in
269 3101 353 3160 hunc
381 3101 537 3162 Oceanum
570 3100 709 3160 delatum
744 3101 846 3161 adisse
879 3102 1065 3162 Germaniae
1093 3108 1202 3178 terras,

206 3205 493 3284 Asciburgiumque,
522 3206 606 3282 qnod
632 3205 667 3264 in
693 3205 763 3283 ripa
790 3207 895 3266 Rheni
924 3207 1021 3266 situm
1048 3207 1203 3284 hodieque

202 3309 357 3385 incolitur,
373 3311 412 3370 ab
429 3311 486 3370 illo
504 3311 711 3370 constitutum
729 3311 1003 3388 nominatumque3
1026 3330 1112 3371 aram
1127 3312 1204 3388 quin

202 3414 299 3475 etiam
316 3415 408 3477 Ulixi
425 3421 646 3490 consecratam,
661 3415 783 3474 adiecto
802 3416 933 3475 Laertae
948 3416 1047 3493 patris
1066 3417 1202 3493 nomine,
1217 3433 1247 3478 30

202 3520 311 3580 eodem
334 3520 402 3580 loco
425 3520 501 3580 olim
528 3504 694 3598 repertam,
716 3527 978 3597 monumentaque
1007 3527 1038 3580 et
1066 3522 1203 3582 tumulos

202 3626 354 3705 quosdam
369 3625 496 3688 Graccis
510 3625 626 3685 litteris
641 3625 810 3702 inscriptos
825 3626 859 3683 in
873 3625 1007 3684 confinio
1019 3625 1204 3685 Germaniae
