2880 4148
552 235 556 241 ,
576 180 781 240 Genusum.
1136 168 1177 233 45

175 375 232 434 per
251 355 406 420 familiam
426 354 618 430 ministeriis,
633 359 781 414 utuntur:
805 373 893 414 suam
913 351 1045 430 quisque
1063 353 1177 429 sedem,

176 480 250 521 suos
266 467 395 540 penates
413 461 501 536 regit.
560 460 724 519 Frumenti
743 460 868 519 modum
889 459 1034 519 dominus
1054 465 1108 518 aut
1129 478 1179 536 pce

176 565 257 626 coris
278 571 333 626 aut
357 566 455 626 vestis
479 571 516 626 ut
536 565 645 625 colono
667 565 813 641 inmugit,
840 570 871 624 et
897 583 1005 624 servus
1026 565 1178 628 hactenus

176 676 282 748 paret:
304 675 408 730 cetera
428 671 538 730 domus
559 670 660 736 officia
680 689 758 730 uxor
779 689 814 729 ac
836 669 927 729 liberi
953 675 1175 747 exsequuntur.

177 777 347 836 Verberare
369 795 494 836 servum
514 794 550 835 ac
571 775 703 834 vinculis
725 780 756 834 et
781 794 872 852 opere
894 784 1032 834 coercere
1056 780 1205 834 rarum:⁵

177 881 316 940 occidere
338 881 448 954 solent,
470 899 533 939 non
553 879 721 956 disciplina
743 885 774 938 et
796 879 971 955 severitate,
987 881 1041 940 sed
1058 880 1179 958 impetu

177 992 210 1046 et
229 986 284 1061 ira,
299 991 336 1045 ut
357 985 527 1060 inimicum,
542 985 604 1045 nisi
622 985 705 1062 quod
726 985 853 1063 impune
875 990 931 1044 est.
974 985 1094 1045 Liberti
1116 1005 1178 1044 non

177 1091 312 1151 multum
336 1109 432 1168 supra
455 1109 560 1150 servos
583 1095 667 1164 sunt,
689 1108 758 1149 raro
780 1090 907 1167 aliquod
930 1095 1123 1149 momentum
1145 1091 1180 1149 in

177 1197 278 1271 domo,
293 1214 464 1274 numquam
485 1195 518 1254 in
539 1195 677 1270 civitate,
696 1194 835 1272 exceptis
857 1195 1022 1254 dumtaxat
1043 1195 1088 1255 eis
1111 1215 1180 1270 gen-

177 1302 262 1362 tibus
286 1321 366 1379 quae
391 1307 568 1377 regnantur.
614 1301 665 1360 Ibi
690 1301 774 1360 enim
798 1305 830 1360 et
855 1319 947 1377 super
972 1300 1123 1376 ingenuos
1149 1307 1180 1360 et
1193 1297 1233 1352 1⁰v

178 1425 272 1485 super
285 1406 407 1467 nobiles
425 1407 610 1466 ascendunt:
633 1407 717 1483 apud
738 1410 856 1464 ceteros
879 1405 1015 1483 impares
1038 1406 1180 1465 libertini

177 1511 334 1572 libertatis
349 1517 567 1586 argumentum
583 1518 664 1571 sunt.
1110 1526 1113 1530 ·

217 1615 265 1678 26.
295 1618 418 1676 Faenus
443 1616 562 1692 agitare
587 1616 675 1674 etin
697 1635 807 1676 usuras
830 1617 997 1675 extendere
1021 1617 1178 1692 ignotum3

177 1720 310 1799 ideoque
324 1721 424 1798 magis
440 1727 583 1782 servatur
597 1740 691 1798 quam
707 1721 734 1780 si
749 1721 883 1780 vetitum
898 1727 989 1780 esset.
1031 1721 1109 1797 Agri
1124 1741 1180 1799 pro
1212 1767 1218 1775 .

176 1847 306 1888 numero
322 1829 478 1888 cultorum
496 1829 535 1888 ab
549 1829 704 1888 universis
720 1827 773 1899 tin
788 1827 872 1886 vices
889 1832 1080 1903 occupantur
1103 1845 1180 1904 quos
1194 1834 1222 1879 15

176 1949 250 1989 mox
273 1929 358 1989 inter
378 1948 410 1990 se
433 1929 603 1989 secundum
624 1929 837 2005 dignationem
860 1929 1055 2006 partiuntur3
1082 1931 1181 1990 facili-

177 2039 275 2094 tatem
296 2034 465 2113 partiendi.
477 2052 657 2111 camporum
679 2034 782 2111 spatia
803 2040 972 2111 praestant.
1017 2035 1104 2095 Arva
1124 2055 1180 2113 per

177 2158 276 2199 anuos
290 2144 423 2214 mutant,
439 2145 470 2198 et
485 2145 628 2216 superest
642 2158 722 2214 ager.
766 2139 833 2198 Nec
848 2139 932 2199 enim
947 2159 1017 2199 cum
1037 2141 1180 2200 ubertate

177 2249 210 2303 et
230 2243 440 2321 amplitudine
461 2243 521 2304 soli
541 2243 647 2303 labore
668 2244 870 2329 contendunt,
893 2250 930 2303 ut
951 2245 1092 2323 pomaria
1112 2264 1180 2304 con-

177 2354 284 2409 serant
308 2355 340 2408 et
363 2354 456 2427 prata
479 2354 625 2426 separent
649 2353 681 2408 et
705 2348 812 2410 hortos
837 2349 956 2424 rigent:
989 2350 1056 2409 sola
1077 2356 1179 2411 terrae
1192 2362 1221 2408 20

177 2472 266 2530 seges
294 2453 474 2532 imperatur.
524 2454 618 2515 Unde
642 2473 759 2513 annum
787 2473 909 2531 quoque
932 2455 1036 2532 ipsum
1060 2456 1180 2514 nonin

176 2559 310 2619 totidem
331 2559 478 2634 digerunt
499 2558 634 2636 species:
664 2559 764 2618 hiems
787 2565 818 2618 et
839 2577 894 2618 ver
916 2565 949 2619 ct
966 2565 1068 2621 aestas
1089 2561 1180 2621 intel-

177 2663 292 2724 lectum
315 2683 350 2724 ac
369 2644 520 2724 vocabula
544 2663 670 2740 habent,
693 2664 837 2724 autumni
858 2664 988 2743 perinde
1009 2685 1123 2726 nomen
1144 2685 1179 2726 ac

178 2769 260 2830 bona
272 2768 464 2846 ignorantur.

218 2873 267 2935 27.
296 2875 455 2934 Funerum
486 2873 575 2934 nulla
605 2874 751 2934 ambitio:
788 2874 822 2934 id
854 2874 955 2935 solum
986 2876 1177 2954 observatur,
1190 2891 1220 2936 25

174 2986 214 3040 ut
241 2999 371 3058 corpora
398 2980 552 3039 clarorum
581 2979 719 3038 virorum
747 2980 841 3040 certis
869 2980 965 3056 lignis
993 2989 1176 3044 crementur.

178 3086 303 3146 Struem
327 3085 395 3161 rogi
416 3104 474 3144 nec
494 3085 635 3175 vestibus
659 3104 717 3144 neo
741 3085 888 3146 odoribus
914 3087 1091 3148 cumulant:
1122 3109 1179 3149 sua

176 3191 290 3268 cuique
307 3209 402 3265 arma,
417 3191 612 3267 quorundam
630 3190 697 3266 igni
716 3196 748 3250 et
766 3210 865 3268 equus
885 3192 1028 3251 adicitur.
1072 3195 1179 3272 Sepul-

176 3315 263 3356 crum
278 3313 405 3374 caespes
416 3296 524 3370 erigit:
541 3301 808 3370 monumentorum
826 3298 957 3356 arduum
969 3303 1001 3356 et
1015 3317 1178 3375 operosum
1222 3351 1225 3356 .

175 3400 325 3459 honorem
336 3404 373 3458 ut
387 3419 512 3476 gravem
529 3399 685 3460 defunctis
698 3402 936 3480 adspernantur.
974 3404 1126 3465 Lamenta
1143 3424 1177 3466 ao
1190 3419 1220 3466 30

175 3505 322 3566 lacrimas
337 3505 408 3578 cito,
424 3505 561 3564 dolorem
576 3509 608 3563 et
625 3504 788 3564 tristitiam
805 3507 894 3566 tarde
909 3514 1037 3585 ponunt.
1080 3511 1178 3571 Femi-

175 3612 226 3676 nis
244 3611 349 3692 lugere
364 3610 531 3674 honestum
546 3616 601 3684 est,
612 3609 693 3668 -viris
708 3611 896 3671 meminisse.
1111 3623 1115 3626 “
1149 3617 1153 3622 ’
