2880 4148
472 256 478 261 „
574 224 769 276 Aonrcons.
1132 214 1173 280 19

172 415 266 475 quem
285 396 348 457 iam
369 395 470 458 hostis
492 396 657 458 insederat.
703 398 787 457 Nam
809 397 955 457 Britanni
976 397 1058 457 nihil
1080 399 1173 458 fraoti

172 519 294 580 pugnae
315 501 428 580 prioris
450 509 573 576 eventu,
588 508 620 562 et
641 502 794 562 ultionem
815 508 870 562 aut
888 503 1051 562 servitium
1066 522 1174 581 oxpeo·

172 612 285 682 tantos,
310 606 498 684 tandemque
523 607 608 666 docti
631 625 783 667 oonmune
808 607 983 684 perieulum
1008 609 1173 669 eoncordia

171 710 427 790 propulsandum,
449 711 657 788 legationibus
680 718 712 771 et
735 713 914 772 foederibus
938 713 1078 772 omniurn
1100 714 1174 774 aivi-

171 821 273 877 tatum
297 815 375 877 viris
403 817 592 876 exoiveraut.
646 817 776 893 Iamque
804 836 897 894 super
924 817 1054 893 triginta
1083 818 1199 878 miliat

171 927 360 981 armatorum
392 921 654 999 adspioiebantur‚
687 928 719 981 et
750 922 851 982 adhue
882 921 1041 982 adfluebat
1071 923 1172 984 omnis

171 1026 319 1086 iuventus
340 1031 372 1086 et
393 1027 507 1104 quibus
528 1027 625 1086 cruda
645 1045 680 1086 ao
698 1027 808 1088 viridis
824 1035 976 1102 senectus,
992 1028 1068 1087 olari
1090 1028 1172 1088 bello

171 1136 204 1190 et
225 1150 282 1192 sua
302 1131 436 1210 quisque
457 1132 568 1192 deeora
589 1137 756 1208 gestantes,
772 1151 843 1192 oum
864 1133 946 1192 inter
963 1132 1063 1210 pluris
1078 1134 1172 1194 duces

171 1238 289 1297 virtute
310 1243 342 1297 et
363 1255 474 1312 genere
495 1242 658 1314 praestans
681 1237 806 1296 nomine
828 1237 979 1313 Calgaeus
1001 1239 1086 1315 apud
1106 1257 1174 1297 oon-

171 1349 304 1403 traetam
323 1341 560 1402 multitudinem
579 1342 732 1420 proelium
754 1349 932 1420 poscentem
954 1343 988 1402 in
1008 1343 1092 1403 huno
1113 1363 1174 1404 mo·
1187 1357 1216 1402 10

172 1449 247 1509 dum
261 1448 384 1508 loeutus
398 1447 515 1507 fertur:

520 1627 618 1691 spaera
635 1630 667 1692 os
684 1628 824 1692 Calgacus.

213 1753 260 1815 30.
291 1753 458 1825 ‘Quotiens
487 1772 596 1814 causas
623 1753 699 1813 belli
725 1760 757 1813 et
784 1753 1004 1814 necessitatem
1035 1759 1174 1814 nostram

172 1861 305 1933 intueor,
330 1877 461 1935 magnus
485 1858 564 1918 mihi
588 1859 711 1918 animus
733 1865 782 1918 est
805 1859 990 1919 hediernum
1010 1859 1091 1919 diem
1106 1879 1175 1919 eon-

173 1983 360 2042 sensumque
388 1969 526 2024 vestrum
555 1963 681 2023 initium
713 1963 868 2024 libertatis
903 1964 963 2023 toti
992 1965 1173 2024 Britanniae

172 2071 257 2146 fore3
279 2088 352 2129 nam
366 2075 399 2128 et
412 2068 550 2128 universi
572 2068 733 2128 servitutis
755 2075 898 2146 expertes
915 2075 947 2128 et
964 2069 1069 2128 nullae
1090 2070 1175 2129 ultra
1188 2087 1216 2131 15

173 2180 274 2235 terrae
302 2192 338 2234 ac
365 2191 404 2232 ne
431 2191 516 2232 mare
544 2173 670 2250 quidem
701 2191 852 2247 securum,
882 2174 1056 2232 inminente
1084 2174 1173 2233 riobis

173 2280 272 2340 classe
286 2279 437 2338 Romana.
480 2278 532 2338 Ita
546 2277 696 2355 proelium
714 2284 807 2354 atque
829 2298 916 2338 arma
937 2298 1016 2355 quae
1038 2279 1173 2338 fortibus

172 2385 312 2459 honesta,
334 2384 443 2444 eadem
471 2383 565 2442 etiam
587 2383 710 2458 ignavis
731 2383 892 2444 tutissima
916 2389 996 2443 sunt.
1049 2383 1173 2443 Priores

172 2509 305 2568 pugnae,
317 2489 430 2567 quibus
445 2488 595 2548 adversus
607 2489 764 2547 Bomanos
776 2488 864 2547 varia
878 2489 1007 2547 fortuna
1020 2493 1177 2561 certaturn

172 2600 231 2669 est,
246 2613 333 2672 spem
347 2613 383 2653 ao
397 2593 572 2653 subsidium
586 2593 619 2651 in
633 2593 749 2652 nostris
764 2593 907 2652 manibus
922 2593 1088 2667 habebant,
1101 2594 1175 2670 quia
1186 2609 1217 2652 »20

172 2699 362 2760 nobilissimi
375 2699 475 2759 totius
489 2698 672 2757 Britanniae
687 2716 784 2774 eoque
806 2698 839 2756 in
860 2698 938 2775 ipsis
960 2698 1174 2775 penetralibus

173 2805 228 2866 siti
248 2823 305 2864 nee
326 2803 531 2865 servientium
546 2802 641 2862 litora
661 2801 879 2880 adspioientes‚
895 2800 1000 2860 ooulos
1019 2799 1175 2879 quoquaa¹

171 2915 318 2970 contactu
332 2907 554 2969 dominationis
571 2907 738 2967 inviolatos
755 2907 954 2967 habebamus.
997 2907 1067 2966 Nos
1081 2913 1175 2966 terra

171 3035 241 3074 rurn
260 3033 295 3074 ao
316 3013 472 3074 libertatis
489 3018 646 3072 extremos
665 3031 804 3071 recessus
823 3011 890 3088 ipse
910 3030 944 3070 ae
965 3011 1051 3098 sinus
1071 2989 1174 3070 famae
1193 3017 1217 3119 [q
1234 3037 1305 3081 ιη
1328 3005 1371 3082 ij„
1386 3039 1431 3088 27*

171 3120 206 3179 in
220 3119 305 3179 huno
319 3119 402 3178 diem
416 3117 579 3193 defendit3
601 3123 695 3194 atque
710 3135 799 3175 ornne
818 3116 960 3190 ignotum
981 3135 1037 3192 pro
1058 3117 1175 3192 magni·
1188 3128 1216 3172 25
1255 3114 1292 3157 Se
1305 3131 1347 3172 eu
1368 3152 1380 3165 «.
1411 3175 1415 3182 ,

171 3225 231 3285 fieo
252 3229 316 3284 est:
343 3223 398 3283 sed
417 3241 500 3282 nuno
520 3221 672 3281 terminus
694 3221 876 3280 Britanniae
891 3226 987 3298 patet,
1003 3220 1091 3279 nulla
1112 3221 1173 3280 iarn

171 3330 257 3390 ultra
281 3347 366 3406 gens,
388 3327 470 3387 nihil
491 3327 554 3387 nisi
575 3327 689 3386 fluetus
711 3332 743 3386 et
765 3345 840 3386 saxa
861 3331 893 3384 et
913 3325 1094 3386 infestiores
1115 3327 1175 3385 Bo

171 3435 268 3510 mani,
285 3453 416 3511 quorum
438 3432 614 3510 superbiam
636 3432 755 3490 frustra
776 3450 831 3508 per
852 3431 1035 3508 obsequium
1057 3449 1092 3490 ao
1113 3450 1175 3490 mo

171 3540 307 3600 destiam
342 3537 496 3614 effugeris.
553 3538 707 3614 Raptores
743 3535 835 3608 orbis,
864 3541 1031 3612 postquam
1062 3541 1175 3595 cuneta

172 3643 371 3714 vastantibus
392 3642 520 3707 defuere
540 3647 651 3718 terrae,
673 3640 788 3701 iamet
809 3658 893 3700 mare
922 3645 1117 3700 scrutantur:
1147 3640 1174 3700 si
1188 3653 1217 3696 ao

1308 3273 1352 3320 «ΙῊ,

695 3747 708 3771 ,.

50 3749 209 3856 luka
238 3781 278 3834 :t
310 3759 481 3830 redimito
508 3763 649 3816 uvir
676 3757 751 3816 ita·
779 3781 864 3854 sua]
889 3776 934 3806 ’θ’
965 3783 974 3808 ·›
1045 3785 1054 3801 r

222 3863 226 3875 ,
652 3846 656 3862 .
