2880 4148
569 200 773 253 crannum.
1126 191 1169 256 49

168 392 262 451 qnam
277 373 437 434 Tencteris
452 373 602 451 equitum.
640 371 691 435 Sic
705 373 870 434 instituere
884 374 1033 436 maiores:
1051 376 1170 453 posteri

169 479 342 540 imitantur.
385 480 431 540 Hi
453 480 541 540 lusus
564 480 745 555 infantium,
767 481 843 540 haec
865 481 1013 540 iuvenum
1037 482 1170 543 aemula-

167 585 229 644 tio:
252 591 454 663 perseverant
481 604 578 646 senes.
622 586 711 645 Inter
738 585 893 646 familiam
921 592 954 646 et
980 593 1110 664 penates
1138 593 1170 647 et

167 689 238 750 iura
258 690 487 751 successionum
508 691 580 768 equi
599 691 783 750 traduntur:
806 691 923 768 excipit
943 690 1038 766 filius,
1055 711 1118 752 non
1134 698 1170 752 ut

167 800 279 871 cetera,
294 795 449 856 maximus
463 800 548 871 natu,
565 795 619 856 sed
635 801 727 874 prout
741 797 832 856 ferox
846 795 928 858 bello
943 802 975 856 et
988 796 1107 857 melior.
1182 809 1197 855 o

600 945 734 994 Bructeri.

207 1049 256 1111 33.
285 1051 382 1110 quta
396 1051 564 1110 Tencteros
586 1033 730 1120 Bructeri
752 1050 826 1110 olim
844 1050 1063 1110 occurrebant:
1087 1070 1169 1111 nunc

168 1155 343 1216 Chamavos
371 1161 403 1214 et
430 1155 634 1230 Angrivarios
669 1155 854 1230 inmigrasse
886 1160 1039 1230 narratur,
1068 1156 1169 1234 pulsis

167 1260 328 1321 Bructeris
343 1279 378 1320 ac
392 1261 491 1338 paene
508 1267 574 1330 tum
593 1260 707 1320 excisis
726 1260 900 1320 vicinarum
919 1279 1072 1330 consensu
1091 1261 1170 1320 nati·

167 1385 270 1436 onum,
296 1383 351 1424 seu
378 1365 541 1443 superbiae
569 1365 640 1424 odio
670 1383 729 1434 seu,
759 1365 893 1442 praedae
921 1366 1085 1425 dulcedine
1114 1385 1169 1426 seu

167 1471 275 1530 favore
300 1471 434 1548 quodam
462 1489 536 1546 erga
563 1489 620 1530 nos
649 1471 791 1546 deorum,
821 1489 895 1530 nam
923 1489 962 1530 ne
992 1471 1170 1549 spectaculo
1183 1484 1211 1530 10

168 1576 295 1653 quidem
324 1575 436 1653 proelii
467 1575 616 1634 invidere.
670 1576 770 1653 Super
797 1576 961 1652 sexaginta
989 1577 1079 1636 milia
1107 1595 1170 1634 non

167 1681 262 1740 armis
290 1680 425 1757 telisque
453 1681 614 1754 Romanis,
640 1681 695 1740 sed
722 1680 805 1757 quod
833 1680 1083 1755 magnificentius
1112 1687 1169 1755 est,

167 1785 370 1846 oblectationi
398 1785 558 1864 cordisque
586 1785 772 1846 ceciderunt.
815 1787 953 1861 Maneat,
974 1805 1097 1872 quaeso,
1117 1787 1170 1845 du-

168 1897 278 1970 retque
297 1891 452 1968 gentibus,
473 1891 500 1952 si
521 1911 585 1950 non
602 1910 688 1950 amor
708 1891 817 1965 nostri,
833 1897 866 1950 at
882 1899 965 1950 certe
984 1891 1090 1950 odium
1111 1892 1169 1966 sui,

152 1997 293 2074 'quaudo
309 1997 493 2072 urgentibus
511 1997 635 2074 imperii
653 1997 729 2056 fatis
747 1997 828 2055 nihil
850 1997 912 2056 iam
933 2002 1091 2074 praestare
1111 1997 1171 2056 for·
1184 2012 1212 2056 15

168 2109 246 2161 tuna
259 2102 360 2162 maius
375 2107 479 2179 potest
493 2121 586 2178 quam
599 2101 738 2161 hostium
754 2101 949 2161 discordiam.

422 2258 476 2308 The
493 2257 653 2320 Dulgubnii,
672 2256 825 2318 Chasuarii,
841 2257 933 2307 Frisii.

208 2363 257 2426 34.
286 2364 491 2440 Angrivarios
516 2369 548 2424 et
578 2364 752 2423 Chamavos
781 2370 799 2422 a
825 2369 913 2438 tergo
941 2363 1115 2438 Dulgubnii
1139 2369 1171 2423 et

169 2469 335 2532 Chasuarii
356 2469 488 2529 cludunt
508 2469 650 2546 aliaeque
675 2473 783 2544 gentes
804 2468 890 2528 haud
911 2468 1041 2546 perinde
1059 2487 1172 2528 memo

167 2581 263 2651 ratae,
278 2594 297 2637 a
310 2575 414 2634 fronte
428 2573 524 2634 Frisii
538 2574 707 2652 excipiunt.
740 2573 919 2634 Maioribus
937 2573 1171 2651 minoribusque

167 2680 281 2740 Frisiis
298 2679 483 2740 vocabulum
505 2685 552 2738 est
573 2697 612 2738 ex
632 2678 724 2738 modo
746 2678 868 2747 virium.
911 2680 1073 2754 Utraeque
1094 2679 1172 2738 nati·
1184 2694 1214 2740 ao

168 2805 242 2846 ones
258 2803 357 2862 usque
371 2785 412 2846 ad
428 2785 583 2845 Oceanum
601 2784 713 2843 Rheno
730 2789 954 2861 praetexuntur
969 2783 1171 2862 ambiuntque

167 2891 328 2952 inmensos
349 2890 477 2968 insuper
497 2891 584 2950 lacus
602 2895 633 2949 et
653 2889 803 2949 Romanis
824 2889 976 2949 classibus
998 2889 1170 2964 navigatos.

168 2996 279 3074 Ipsum
300 2995 377 3073 quin
398 2996 492 3054 etiam
512 2995 668 3056 Oceanum
686 2993 743 3054 illa
759 2994 999 3071 temptavimus:
1023 2999 1055 3052 et
1069 3013 1173 3072 super-

168 3119 237 3161 esse
258 3101 360 3160 adhuc
381 3099 529 3160 Herculis
550 3099 709 3160 columnas
730 3099 817 3158 fama
836 3097 986 3174 vulgavit,
1005 3099 1071 3158 sive
1093 3099 1173 3158 adiit

168 3205 333 3280 Hercules,
353 3223 408 3264 seu
429 3204 584 3285 quidquid
605 3204 720 3288 ubique
742 3202 942 3278 magnificum
960 3210 1016 3278 est,
1031 3203 1065 3261 in
1086 3203 1173 3263 clari-
1185 3222 1214 3267 25

168 3316 267 3371 tatem
288 3310 355 3380 eius
379 3310 496 3369 referre
517 3308 739 3369 consensimus.
795 3309 862 3367 Nec
891 3307 993 3367 defuit
1023 3308 1174 3368 audentia

168 3417 273 3476 Druso
289 3415 484 3488 Germanica
501 3415 555 3473 sed
569 3413 694 3474 obstitit
709 3405 849 3474 Oceanus
865 3413 898 3471 in
913 3431 945 3474 se
965 3412 1059 3472 simul
1078 3422 1173 3492 atque

168 3521 203 3580 in
216 3520 386 3580 Herculem
403 3519 529 3597 inquiri.
572 3521 649 3578 Mox
669 3537 760 3578 nemo
781 3518 957 3596 temptavit,
974 3518 1174 3598 sanctiusque

168 3645 204 3688 ac
219 3624 414 3686 reverentius
428 3625 531 3686 visum
546 3625 584 3683 de
599 3623 676 3684 actis
691 3624 818 3684 deorum
833 3624 957 3683 credere
972 3641 1065 3699 quarn
1083 3623 1170 3682 scire.
