2880 4148
580 205 778 258 Acnrooua
1139 198 1180 264 17

179 381 298 459 populi,
313 385 425 459 paratu
439 399 560 456 magno,
577 380 692 440 maiore
710 381 803 456 fama,
819 380 867 439 uti
887 399 953 441 mos
973 386 1021 442 est
1041 381 1079 441 de
1098 381 1182 458 igno-

180 487 231 562 tis,
258 503 436 564 oppugnare
463 485 547 545 ultro
574 485 704 546 castella
732 485 842 561 adorti,
870 492 988 546 metum
1016 492 1052 546 ut
1075 506 1182 564 provo

180 597 286 652 cantes
301 590 503 667 addiderant;
532 592 831 669 regrediendumque
852 592 932 651 citra
953 592 1135 653 Bodotriam
1150 598 1182 652 et

180 697 392 757 excedendum
414 696 518 774 potius
535 715 629 774 quam
646 697 838 773 pellerentur
860 696 966 772 ignavi
991 697 1093 774 specie
1113 717 1183 775 pru·
1222 763 1225 770 g

180 801 323 864 dentium
338 801 555 876 admonebant,
570 819 640 860 cum
658 801 785 861 interim
799 802 958 877 cognoscit
971 801 1072 862 hostis
1087 803 1209 880 pluri-u

181 908 238 969 bus
253 905 429 984 agminibus
444 905 635 983 inrupturos.
685 906 733 966 Ac
752 925 791 965 ne
815 912 981 983 superante
1003 926 1131 968 numero
1150 915 1182 968 11

181 1012 296 1092 peritia
312 1011 450 1072 locorum
467 1011 693 1087 circumiretur,
709 1011 811 1072 diviso
826 1011 944 1089 etipse
961 1013 995 1071 in
1009 1013 1068 1073 tris
1082 1013 1182 1091 partis
1211 1059 1212 1063 ,

182 1117 320 1180 exercitu
334 1118 470 1179 incessit.

221 1221 269 1286 28.
295 1223 385 1294 Quod
401 1222 456 1283 ubi
476 1221 635 1298 cognitum
656 1221 750 1297 hosti,
762 1226 883 1282 mutato
904 1229 1031 1300 repente
1053 1223 1184 1284 consilio

181 1328 321 1390 universi
348 1346 462 1389 nonam
488 1327 652 1402 legionem,
671 1329 708 1386 ut
732 1327 868 1386 maxime
892 1327 1073 1403 invalidam,
1093 1335 1226 1388 noctem

183 1433 332 1510 adgressi,
359 1433 442 1493 inter
467 1451 610 1492 somnum
635 1443 671 1491 ac
694 1432 936 1509 trepidationem
960 1433 1059 1494 caesis
1083 1433 1185 1509 vigili-

182 1539 240 1599 bus
254 1538 408 1616 inrupere.
453 1538 583 1614 Iamque
605 1536 639 1594 in
661 1536 740 1614 ipsis
761 1537 873 1598 castris
892 1538 1098 1614 pugnabatur,
1113 1557 1184 1598 eum

182 1642 331 1726 Agricola
348 1643 409 1703 iter
429 1641 567 1704 hostium
588 1640 627 1701 ab
648 1641 897 1720 exploratoribus
918 1643 1047 1703 edoctus
1068 1649 1100 1702 et
1120 1662 1185 1703 ves·

182 1748 270 1824 tigiis
298 1747 468 1822 insecutus,
496 1746 709 1807 velocissimos
737 1747 878 1824 equitum
905 1747 1107 1824 peditumque
1135 1749 1186 1808 ad-

183 1853 302 1914 sultare
317 1852 414 1930 tergis
436 1851 644 1930 pugnantium
666 1851 761 1926 iubet,
777 1871 849 1910 mox
867 1853 907 1912 ab
925 1853 1081 1912 universis
1103 1853 1185 1912 adici
1199 1867 1227 1912 15

155 1941 157 1948 ¹
183 1958 366 2034 clamorem3
388 1964 420 2018 11
436 1957 614 2036 propinqua
627 1957 696 2017 luce
718 1957 835 2016 fulsere
857 1958 954 2033 signa.
991 1958 1043 2018 Ita
1053 1958 1186 2036 ancipiti

183 2063 266 2124 malo
292 2063 398 2124 territi
432 2063 593 2140 Britanni3
629 2069 661 2122 et
687 2063 839 2123 Romanis
868 2063 962 2122 rediit
989 2063 1121 2137 animus,
1150 2081 1186 2122 ac

184 2168 285 2232 securi
298 2187 356 2246 pro
370 2167 471 2228 salute
485 2168 524 2227 de
543 2167 643 2244 gloria
663 2167 832 2227 certabant.
877 2167 971 2228 Ultro
993 2168 1069 2245 quin
1090 2168 1184 2227 etiam

184 2291 322 2352 erupere,
343 2279 375 2333 et
395 2273 459 2333 fuit
480 2279 569 2332 atrox
590 2272 623 2331 in
645 2272 722 2350 ipsis
744 2278 903 2349 portarum
926 2273 1080 2349 angustiis
1101 2291 1187 2350 proe-

183 2378 272 2454 lium,
291 2379 390 2439 donec
410 2377 495 2456 pulsi
509 2378 624 2450 hostes,
646 2383 778 2455 utroque
800 2377 939 2437 exercitu
954 2383 1103 2452 certante,
1125 2378 1185 2452 his,
1199 2393 1229 2438 20

183 2490 220 2546 ut
250 2483 363 2550 tulisse
397 2501 496 2560 opem,
521 2483 596 2558 illis,
624 2501 663 2542 ne
695 2482 817 2558 eguisse
848 2481 967 2542 auxilio
997 2483 1184 2542 viderentur.

183 2587 273 2660 Quod
292 2586 356 2647 nisi
372 2586 504 2663 paludes
526 2591 558 2645 et
579 2586 677 2646 silvae
698 2585 851 2662 fugientis
872 2587 1036 2661 texissent,
1052 2587 1185 2648 debella·

183 2698 252 2752 tum
267 2691 324 2751 illa
338 2691 469 2750 victoria
483 2691 573 2749 foret.

223 2795 273 2858 27.
303 2796 399 2858 Cuius
424 2795 615 2856 conscientia
639 2814 674 2855 ac
699 2796 785 2856 fama
809 2796 898 2856 ferox
922 2797 1077 2857 exereitus
1102 2797 1183 2856 nihil

183 2902 295 2963 virtuti
326 2919 400 2962 suae
431 2901 552 2960 invium
586 2907 619 2960 et
653 2902 877 2978 penetrandam
909 2902 1107 2962 Caledoniam
1141 2903 1184 2960 iu·
1198 2916 1227 2960 25

184 3007 434 3084 veniendumque
461 3007 589 3066 tandem
621 3006 804 3066 Britanniae
835 3008 1005 3066 terminum
1036 3007 1184 3067 continuo

183 3111 371 3191 proeliorum
391 3130 484 3171 cursu
504 3111 688 3171 fremebant.
731 3112 837 3188 Atque
859 3111 907 3170 illi
928 3113 1020 3171 modo
1041 3113 1126 3171 cauti
1148 3132 1182 3172 ac

183 3217 343 3295 sapientes
370 3216 508 3294 prompti
536 3223 608 3293 post
632 3222 779 3276 eventum
804 3235 839 3276 ac
864 3217 1058 3294 magniloqui
1084 3224 1181 3276 erant.

183 3321 389 3400 Iniquissima
409 3322 485 3382 haec
502 3321 653 3382 bellorum
671 3322 813 3381 condicio
828 3328 892 3382 est:
915 3341 1063 3399 prospera
1077 3341 1183 3383 omnes

183 3427 243 3490 sibi
272 3427 442 3502 vindicant,
467 3427 598 3486 adversa
625 3427 679 3485 uni
707 3427 910 3504 imputantur.
927 3443 935 3494 1
963 3429 1008 3486 At
1037 3428 1226 3488 Britannico

182 3552 245 3593 uon
266 3531 383 3592 virtute
408 3551 450 3607 se,
473 3531 528 3592 sed
552 3532 712 3592 occasione
737 3538 769 3591 et
793 3539 859 3591 arte
881 3532 968 3592 ducis
990 3532 1090 3592 victos
1112 3533 1182 3607 rati,

182 3637 263 3698 nihil
292 3655 331 3697 ex
358 3637 542 3715 adrogantia
569 3637 737 3712 remittere,
766 3656 828 3716 quo
856 3637 959 3697 minus
987 3637 1182 3696 iuventutem
