2880 4148
577 197 773 252 aerisona,
1131 185 1172 254 27

173 392 266 434 anum
279 391 440 449 remeasse,
453 373 519 434 sive
531 392 639 432 verum
650 373 744 448 istud,
757 371 823 432 sive
834 391 873 432 ex
884 373 1010 449 ingenio
1021 373 1173 452 principis

172 479 281 538 fictum
298 497 333 538 ae
352 478 559 556 compositum
577 483 632 538 est.
675 477 862 538 Tradiderat
883 478 1010 537 interim
1027 479 1174 554 Agricola

173 583 343 644 successori
371 602 428 643 suo
454 583 646 661 provinciam
672 583 811 660 quietam
838 588 1010 662 tutamque.
1058 584 1105 644 Ac
1133 603 1172 644 ne

172 689 322 748 notabilis
338 689 519 749 celebritate
536 693 569 748 et
585 688 763 764 frequentia
776 688 1003 748 occurrentium
1022 689 1172 750 introitus

172 799 264 869 esset,
280 793 379 854 vitato
400 793 570 853 amicorum
589 793 688 852 officio
709 798 804 852 noctu
823 793 856 852 in
880 794 998 870 urbem,
1020 800 1114 854 noctu
1138 795 1200 854 ino

172 899 339 974 Palatium,
364 898 410 958 ita
434 904 469 958 ut
496 904 697 976 praeceptum
725 903 800 974 erat,
825 898 928 974 venit3
961 906 1171 978 exceptusque

172 1005 260 1065 brevi
278 1005 384 1064 osculo
398 1011 431 1064 et
443 1004 532 1063 nullo
546 1022 687 1064 sermone
707 1005 816 1064 turbae
837 1005 1041 1065 servientium
1062 1005 1172 1064 inmix-

171 1117 224 1170 tus
239 1117 295 1169 est.
338 1110 483 1170 Ceterum
494 1109 543 1168 uti
557 1109 694 1168 militare
708 1128 830 1184 nornen,
843 1089 936 1184 grave
951 1111 1032 1170 inter
1047 1111 1170 1185 otiosos,

171 1215 244 1275 aliis
265 1214 436 1274 virtutibus
457 1219 654 1292 temperaret,
676 1215 940 1291 tranquillitatem
962 1221 1055 1292 atque
1073 1217 1171 1274 otium

172 1314 298 1398 penitus
319 1319 435 1394 hausit,
457 1319 545 1378 cultu
566 1318 715 1394 modicus,
737 1338 877 1378 sermone
900 1320 1012 1394 facilis,
1034 1340 1096 1379 uno
1117 1328 1172 1381 aut
1185 1333 1214 1378 10

172 1426 271 1485 altero
285 1424 454 1484 amicorum
469 1423 645 1498 comitatus,
657 1425 734 1483 adeo
748 1429 784 1483 ut
798 1424 948 1502 plerique,
964 1426 1077 1502 quibus
1091 1445 1172 1500 mag-

171 1549 229 1589 nos
245 1529 330 1588 viros
349 1547 404 1606 per
423 1528 625 1588 ambitionem
640 1527 805 1588 aestimare
820 1549 886 1590 mos
901 1535 957 1604 est,
969 1530 1036 1590 viso
1047 1531 1172 1608 adspec-

172 1645 267 1712 toque
278 1633 426 1710 Agricola
436 1639 621 1711 quaererent
635 1634 761 1707 famam,
774 1633 865 1710 pauci
880 1634 1169 1711 interpretarentur.

343 1821 404 1883 Life
421 1823 450 1870 in
469 1821 638 1870 Retiremeat.
676 1820 796 1869 Aristode
811 1820 843 1882 os
853 1820 1002 1871 Domitian.

212 1943 261 2005 41.
292 1945 406 2006 Crebro
425 1963 481 2022 per
499 1962 551 2002 eos
571 1943 638 2004 dies
656 1944 739 2020 apud
760 1943 974 2002 Domitianum
995 1945 1106 2004 absens
1128 1965 1174 2005 ac-

173 2056 310 2125 cusatus,
322 2049 434 2109 absens
444 2049 606 2108 absolutus
617 2054 673 2108 est.
717 2049 819 2109 Causa
833 2049 965 2125 periculi
979 2069 1042 2108 non
1056 2051 1171 2108 crimen
1187 2063 1214 2106 15

170 2154 270 2214 ullum
282 2159 338 2214 aut
348 2151 488 2230 querella
498 2150 575 2211 laesi
584 2150 841 2228 cuiusquam,sed
852 2151 995 2211 infensus
1008 2152 1176 2212 virtutibus

172 2259 318 2336 princeps
338 2263 371 2316 et
391 2257 490 2332 gloria
510 2255 572 2314 viri
594 2274 630 2314 ac
652 2255 823 2332 pessimum
847 2255 1042 2313 inimicorum
1065 2273 1172 2330 genus,

171 2363 345 2422 laudantes.
394 2362 437 2420 Et
461 2379 498 2420 ca
521 2361 663 2420 insecuta
687 2365 761 2420 sunt
786 2359 830 2418 rei
856 2359 998 2436 publicae
1023 2367 1172 2436 tempora,

171 2487 252 2544 quae
275 2466 367 2535 ¹sileri
392 2465 571 2540 Agricolam
599 2484 661 2524 non
690 2465 844 2524 sinerent:
881 2471 929 2524 tot
957 2467 1111 2525 exercitus
1139 2466 1172 2524 in

171 2571 295 2632 Moesia
317 2570 477 2648 Daciaque
501 2576 533 2629 et
558 2570 726 2630 Germania
750 2575 781 2628 et
808 2570 972 2629 Pannonia
998 2569 1216 2629 temeritatem

107 2697 108 2702 ¹
171 2682 228 2737 aut
248 2694 304 2753 per
324 2675 483 2751 ignaviam
504 2675 619 2734 ducum
640 2674 756 2748 amissi,
778 2679 826 2733 tot
847 2674 999 2734 militares
1020 2675 1082 2733 viri
1103 2693 1174 2734 cum

171 2788 221 2842 tot
245 2781 424 2841 cohortibus
453 2780 637 2858 expugnati·
652 2785 684 2838 et
711 2779 812 2856 capti;
842 2798 897 2838 nec
921 2780 983 2839 iam
1010 2781 1047 2840 de
1072 2780 1172 2840 limite

171 2886 298 2964 imperii
314 2892 347 2945 et
364 2885 442 2962 ripa,
458 2885 513 2944 sed
531 2885 570 2944 de
591 2884 730 2944 hibernis
752 2885 909 2960 legionum
929 2890 960 2944 et
979 2885 1173 2963 possessione

170 2990 360 3052 dubitatum.
393 2991 446 3049 Ita
459 3009 529 3048 cum
544 2990 659 3048 damna
673 2989 795 3048 damnis
810 2989 1066 3048 continuarentur
1081 2996 1174 3066 atque

169 3096 276 3156 omnis
295 3115 396 3155 annus
420 3095 585 3154 funeribus
610 3101 642 3154 et
666 3094 807 3154 cladibus
833 3094 1047 3169 insigniretur,
1072 3107 1217 3172 posce-25

169 3204 265 3264 batur
298 3220 349 3260 ore
380 3201 468 3278 vulgi
498 3201 562 3259 dux
592 3199 747 3275 Agricola,
776 3201 1026 3276 comparantibus
1054 3201 1174 3261 cunctis

170 3306 313 3382 vigorem
326 3305 390 3387 [et]
404 3305 612 3365 constantiam
623 3312 655 3364 et
669 3311 830 3383 expertum
847 3305 923 3364 belli
944 3305 1082 3364 animum
1104 3325 1175 3364 cum

169 3411 290 3473 inertia
308 3417 340 3470 et
354 3410 523 3470 formidine
534 3416 714 3468 ceterorum.
738 3451 741 3460 ,
756 3410 875 3480 Quibus
890 3411 1083 3471 sermonibus
1099 3412 1175 3471 satis

167 3521 298 3578 constat
312 3515 487 3574 Domitiani
502 3533 624 3592 quoque
640 3514 724 3574 auris
739 3514 927 3589 verberatas,
943 3516 1017 3573 dum
1039 3517 1175 3592 optimus

168 3624 307 3704 quisque
326 3621 508 3680 libertorum
530 3637 634 3678 amore
653 3624 685 3678 et
703 3618 773 3693 fide,
790 3619 918 3696 pessimi
933 3619 1129 3696 malignitate
1144 3624 1176 3680 et
1189 3631 1219 3678 ao
1286 3685 1288 3690 ,
