2880 4148
556 215 761 271 carusius.
1115 211 1157 276 39

156 395 226 473 ipso
250 392 382 455 concilio
406 391 456 452 vel
481 391 658 471 principum
684 392 799 470 aliquis
823 393 873 452 vel
899 399 988 471 pater
1013 393 1062 453 vel
1090 413 1158 471 pro

156 499 268 578 pinqui
282 504 370 559 scuto
384 498 565 575 frameaque
584 497 729 558 iuvenem
745 505 872 558 ornant:
895 499 972 559 haec
987 500 1071 578 apud
1085 499 1157 560 illos

157 611 238 680 toga,
252 603 304 663 hio
321 603 441 682 primus
466 603 612 663 iuventae
637 604 752 680 honos3
779 610 851 664 ante
872 604 931 664 hoc
952 605 1062 665 domus
1083 623 1157 682 pars

157 711 313 784 videntur,
326 727 398 768 mox
412 707 457 767 rei
472 707 623 785 publicae.
660 709 800 785 Insignis
814 709 964 770 nobilitas
976 715 1031 770 aut
1044 729 1158 787 magna

158 820 281 894 patrum
295 814 408 874 merita
418 813 570 892 principis
581 814 792 890 dignationem
806 815 901 875 etiam
913 815 1156 876 adulescentulis
1169 827 1185 872 15

157 921 341 996 adsignant:
365 919 459 980 certis
481 919 708 980 robustioribus
730 939 765 980 ao
787 919 850 980 iam
873 920 995 998 pridem
1017 921 1157 998 probatis

157 1027 376 1102 adgregantur,
401 1043 458 1084 nec
482 1025 576 1084 rubor
600 1025 683 1084 inter
706 1025 836 1085 comites
860 1025 989 1104 adspioi.
1033 1026 1157 1086 Gradus

157 1131 233 1210 quin
254 1131 350 1190 etiam
371 1130 439 1208 ipse
459 1129 627 1190 comitatus
648 1129 752 1205 habet,
768 1130 884 1190 iudicio
903 1131 970 1190 eius
985 1150 1077 1208 quem
1097 1149 1159 1191 seo-

157 1241 281 1313 tantur3
303 1254 478 1312 magnaque
496 1241 529 1294 et
547 1235 695 1294 comitum
715 1235 893 1311 aemulatio,
908 1236 1021 1313 quibus
1037 1236 1157 1314 primus

156 1342 241 1420 apud
264 1340 438 1418 prinoipem
463 1359 554 1400 suum
578 1339 674 1415 locus,
696 1345 728 1400 et
748 1340 934 1418 principum,
957 1341 1008 1400 cui
1028 1341 1157 1419 plurimi
1171 1351 1200 1396 10

156 1453 189 1507 et
210 1445 354 1506 acerrimi
375 1445 514 1505 comites.
564 1445 653 1505 Haec
676 1445 823 1521 dignitas,
846 1446 905 1506 hae
927 1445 1020 1522 vires,
1045 1465 1158 1522 magno

157 1569 280 1630 semper
306 1551 477 1611 electorum
504 1549 653 1610 iuvenum
680 1551 772 1627 globo
799 1551 994 1626 circumdari,
1020 1551 1054 1610 in
1081 1569 1157 1628 pace

156 1659 261 1732 decus,
287 1656 320 1715 in
347 1656 430 1716 bello
457 1655 657 1733 praesidium.
708 1657 777 1715 Neo
802 1655 903 1716 solum
927 1657 961 1715 in
985 1675 1042 1716 sua
1066 1661 1158 1732 gente

156 1763 279 1840 cuique,
304 1761 360 1822 sed
383 1761 468 1838 apud
492 1759 644 1821 finitimas
667 1779 789 1838 quoque
812 1761 957 1822 civitates
979 1762 1013 1820 id
1035 1779 1156 1837 nomen,

156 1887 194 1928 ea
214 1866 314 1943 gloria
335 1871 393 1942 est,
417 1866 445 1928 si
465 1884 595 1924 numero
618 1884 653 1926 ac
674 1865 791 1926 virtute
813 1867 979 1926 comitatus
1004 1867 1200 1943 emineat315

156 1977 348 2051 expetuntur
369 1971 453 2031 enim
474 1970 684 2046 legationibus
704 1977 736 2031 et
757 1971 937 2031 muneribus
957 1977 1107 2032 ornantur
1126 1977 1158 2032 et

156 2079 226 2156 ipsa
239 2077 423 2155 plerumque
437 2076 524 2136 fama
538 2075 621 2136 bella
634 2075 813 2154 profligant.

197 2181 244 2243 14.
274 2184 352 2244 Cum
366 2187 496 2241 ventum
509 2181 543 2240 in
558 2181 664 2256 aciem,
675 2187 767 2259 turpe
782 2181 918 2259 principi
932 2182 1049 2241 virtute
1064 2183 1157 2258 vinci,

155 2296 247 2366 turpe
269 2287 431 2346 comitatui
453 2287 602 2346 virtutem
619 2287 772 2365 principis
789 2305 852 2346 non
869 2287 1052 2365 adaequare.
1090 2288 1158 2348 Iam

155 2412 229 2452 vero
250 2393 368 2452 infame
389 2392 423 2450 in
439 2410 563 2452 omnem
579 2391 678 2452 vitam
700 2410 735 2452 ao
755 2393 938 2469 probrosum
956 2393 1156 2470 superstitem
1171 2403 1201 2449 20

155 2497 293 2577 principi
317 2516 373 2558 suo
394 2515 434 2556 ex
458 2497 523 2557 acie
547 2498 728 2558 recessisse:
751 2497 841 2556 illum
865 2497 1043 2572 defendere,
1066 2499 1157 2573 tueri,

155 2623 214 2664 sua
224 2621 347 2681 quoque
358 2602 455 2662 fortia
468 2603 554 2662 facta
568 2602 684 2679 gloriae
698 2603 764 2662 eius
778 2603 942 2678 adsignare
956 2603 1158 2681 praecipuum

155 2713 384 2778 sacramentum
405 2714 469 2769 est:
498 2708 656 2786 principes
675 2727 732 2786 pro
749 2708 881 2768 victoria
902 2714 1052 2786 pugnant,
1068 2710 1159 2768 comi-

155 2821 205 2875 tes
222 2833 279 2892 pro
295 2813 444 2891 principe.
489 2813 523 2872 Si
537 2813 659 2889 civitas,
675 2813 709 2872 in
723 2831 786 2890 qua
799 2813 861 2872 orti
876 2819 958 2888 sunt,
973 2813 1067 2889 longa
1083 2832 1158 2891 pace

155 2926 189 2979 et
206 2919 272 2980 otio
290 2924 423 2997 torpeat,
438 2918 581 2996 plerique
601 2918 755 2978 nobilium
776 2919 1024 2979 adulescentium
1045 2924 1159 2997 potunt
1171 2932 1200 2978 25

154 3025 240 3086 ultro
254 3043 307 3086 eas
321 3024 464 3084 nationes
479 3042 558 3101 quae
579 3029 646 3083 tum
667 3023 785 3083 bellurn
804 3023 933 3101 aliquod
947 3029 1068 3100 gerunt,
1084 3024 1160 3102 quia

154 3136 188 3190 et
202 3129 325 3205 ingrata
339 3130 425 3205 genti
437 3129 525 3206 quies
540 3134 572 3188 et
585 3129 711 3189 facilius
726 3129 809 3188 inter
820 3129 972 3206 ancipitia
985 3129 1160 3189 clarescunt

154 3253 366 3312 magnumque
393 3233 576 3294 comitatum
603 3253 666 3293 non
693 3233 757 3294 nisi
781 3233 814 3294 vi
841 3234 985 3311 belloque
1012 3239 1157 3294 tuentur:

154 3341 288 3416 exigunt
308 3340 392 3398 enim
408 3339 561 3416 principis
582 3340 631 3400 sui
653 3339 843 3399 liberalitate
864 3339 955 3408 illum
976 3339 1158 3399 bellatorem

154 3464 280 3523 equum,
316 3444 405 3504 illam
439 3450 599 3504 cruentam
623 3445 847 3522 victricemque
881 3445 1052 3520 frameam3
1086 3463 1157 3504 narn
1172 3460 1202 3505 so

154 3551 268 3628 epulae
292 3555 333 3625 et,
359 3568 546 3630 quamquam
572 3551 733 3628 incompti,
756 3550 835 3625 largi
861 3557 967 3609 tamen
991 3551 1158 3626 adparatus

154 3675 212 3734 pro
237 3655 397 3734 stipendio
420 3656 542 3716 cedunt.
591 3655 727 3716 Materia
747 3654 979 3714 munificentiae
1000 3671 1056 3731 per
1076 3653 1160 3713 bella
