2880 4148
261 200 303 270 54
574 215 603 268 e.
630 215 804 269 conusmr
826 215 951 268 rlcrrr

520 398 575 452 Tte
593 399 701 462 Venisti,
716 402 894 462 Marcomani,
912 401 1009 468 Quadi.

300 512 350 574 42.
379 514 475 576 quta
489 517 726 576 Hermunduros
740 516 860 577 Varisti
882 535 917 576 ac
937 516 1050 576 deinde
1070 517 1263 576 Marcomani

261 624 294 678 et
308 619 410 690 Quadi
429 626 533 696 agunt.
576 621 751 699 Praecipua
768 623 1037 681 Marcomanorum
1057 621 1156 696 gloria
1169 621 1264 681 vires-

262 743 331 800 que,
357 730 450 802 atque
475 726 544 804 ipsa
568 727 660 786 etiam
688 727 777 786 sedes
802 727 902 804 pulsis
931 727 1006 785 olim
1034 726 1122 785 Boiis
1146 726 1264 785 virtute

261 835 359 906 parta.
415 831 483 890 Nec
503 831 623 892 Varisti
647 831 788 902 Quadive
810 832 1008 908 degenerant.
1061 831 1169 907 anue
1191 832 1266 890 Ger-

233 934 384 994 tmaniae
402 933 489 993 velut
511 933 599 993 frons
621 940 677 1008 est,
699 941 854 1011 quatenus
876 935 1022 995 Danuvio
1044 935 1264 1012 praecingitur.

263 1039 472 1098 Marcomanis
503 1039 681 1116 Quadisque
714 1058 813 1117 usque
844 1040 885 1098 ad
914 1045 1054 1098 nostram
1083 1040 1265 1099 memoriam

263 1163 351 1218 reges
376 1151 559 1204 manserunt
583 1163 622 1203 ex
650 1150 743 1220 gente
770 1145 919 1222 ipsorum,
944 1144 1049 1203 nobile
1077 1143 1265 1203 Marobodui

263 1255 296 1307 et
320 1248 418 1307 Tudri
440 1267 537 1323 genus
561 1249 636 1327 (iam
658 1256 689 1308 et
711 1254 854 1309 externos
876 1249 1064 1329 patiuntur),
1087 1248 1142 1308 sed
1162 1249 1211 1308 vis
1233 1253 1265 1308 et

263 1354 406 1430 potentia
433 1354 558 1429 regibus
582 1373 621 1413 ex
649 1355 833 1414 auctoritate
861 1355 1010 1414 Romana.
1057 1353 1141 1413 Raro
1169 1343 1265 1414 armis

222 1470 251 1516 ιο
264 1458 390 1534 nostris,
413 1459 537 1536 saepius
559 1459 691 1537 pecunia
711 1459 869 1533 iuvantur,
890 1477 947 1518 nec
961 1459 1073 1534 minus
1088 1458 1203 1518 valent.

412 1620 465 1670 lbc
482 1619 627 1683 Marsigni,
645 1620 744 1680 Cotini,
763 1619 817 1680 Osi,
834 1622 912 1670 Buri.
955 1620 1008 1670 The
1024 1619 1114 1683 Lugii.

303 1751 352 1812 43.
379 1753 477 1813 Retro
488 1751 651 1827 Marsigni,
664 1751 779 1826 Cotini,
791 1751 855 1826 Osi,
868 1751 946 1810 Buri
956 1757 1045 1826 terga
1055 1753 1267 1811 Marcomano

264 1877 334 1915 rum
356 1857 597 1934 Quadorumque
615 1857 753 1916 eludunt.
797 1859 824 1915 E
839 1857 952 1934 quibus
968 1857 1122 1932 Marsigni
1139 1862 1171 1916 et
1188 1838 1272 1916 Buri¹

265 1980 406 2022 sermone
420 1961 569 2038 cultuque
585 1961 701 2022 Suebos
716 1963 874 2021 referunt:
896 1962 1024 2022 Cotinos
1041 1961 1172 2036 Gallica,
1188 1961 1267 2022 Osos

264 2067 446 2126 Pannonica
466 2067 575 2142 lingua
595 2067 735 2142 coarguit
756 2087 819 2126 non
839 2086 907 2126 esse
920 2068 1111 2141 Germanos,
1131 2073 1162 2126 et
1183 2067 1267 2144 quod

223 2185 252 2230 ro
265 2172 384 2230 tributa
397 2173 569 2249 patiuntur.
612 2173 739 2231 Partem
754 2172 942 2231 tributorum
961 2172 1130 2246 Sarmatae,
1146 2176 1266 2248 partem

167 2267 169 2271 ’
264 2277 365 2347 Quadi
379 2283 415 2336 ut
429 2277 614 2352 alienigenis
629 2277 811 2354 imponunt:
831 2277 945 2350 Cotini,
958 2295 1019 2353 quo
1030 2277 1129 2352 magis
1140 2277 1266 2354 pudeat,

265 2391 297 2440 et
311 2382 430 2440 ferrum
444 2381 606 2440 effodiunt.
649 2382 826 2459 Omnesque
845 2382 878 2440 hi
897 2381 1005 2458 populi
1020 2399 1119 2458 pauca
1133 2399 1269 2458 campes-

264 2487 370 2559 trium,
386 2493 522 2545 eeterum
542 2487 641 2547 saltus
663 2493 695 2545 et
720 2470 867 2546 vertices
882 2485 1037 2544 montium
1063 2485 1265 2566 [iugumque]

178 2637 183 2644 .
265 2591 455 2650 insederunt.
489 2592 619 2650 Dirimit
634 2591 715 2650 enim
732 2591 908 2668 scinditque
924 2590 1070 2650 Suebiam
1084 2591 1268 2649 continuum

222 2708 253 2753 20
266 2695 419 2754 montium
440 2696 556 2770 iugum,
578 2697 663 2756 ultra
686 2697 769 2772 quod
794 2696 946 2774 plurimae
972 2701 1080 2770 gentes
1101 2699 1207 2770 agunt,
1229 2713 1269 2753 ex

266 2801 379 2878 quibus
391 2800 544 2860 latissime
559 2806 648 2878 patet
662 2790 831 2877 Lugiorum
843 2819 956 2859 nomen
967 2800 1000 2858 in
1011 2799 1111 2877 pluris
1122 2799 1268 2858 civitates

266 2905 425 2964 diffusum.
459 2905 700 2966 valentissimas
711 2906 889 2965 nominasse
902 2904 1043 2979 sufficiet,
1056 2904 1182 2978 Harios,
1194 2903 1270 2962 Hel-

265 3019 410 3086 vaeonas‚
425 3010 591 3084 Manimos,
606 3009 732 3085 Elisios,
747 3009 995 3070 Nahanarvalos.
1032 3009 1129 3086 Apud
1141 3008 1270 3068 Nahan·

266 3115 389 3175 arvalos
412 3116 560 3193 antiquae
582 3115 743 3190 religionis
765 3115 855 3175 lucus
878 3113 1062 3175 ostenditur.
1105 3113 1270 3173 Praesidet

224 3229 253 3274 25
267 3221 408 3280 sacerdos
420 3220 565 3280 muliebri
576 3227 697 3296 ornatu,
707 3221 762 3280 sed
772 3221 847 3280 deos
859 3219 1116 3297 interpretatione
1127 3219 1270 3278 Romana

267 3325 427 3386 Castorem
441 3325 664 3402 Pollucemque
678 3331 859 3384 memorant.
895 3325 942 3384 Ea
954 3324 1001 3384 vis
1013 3323 1144 3397 numiui,
1156 3341 1270 3382 nomen

243 3445 245 3449 ’
266 3430 364 3489 Alcis.
399 3431 499 3490 Nulla
513 3430 687 3505 simulacra,
699 3430 819 3488 nullum
836 3429 1019 3506 peregrinae
1035 3427 1270 3506 superstitionis

266 3535 450 3611 vestigium3
465 3541 501 3594 ut
512 3535 626 3594 fratres
638 3541 751 3609 tamen,
765 3541 799 3593 ut
811 3535 939 3594 iuvenes
952 3539 1147 3593 venerantur.
1185 3534 1271 3593 Oete-

266 3660 336 3699 rum
363 3639 458 3699 Harii
486 3657 579 3717 super
604 3639 695 3714 vires,
718 3640 831 3716 quibus
854 3644 1051 3700 enumeratos
1079 3637 1173 3716 paulo
1197 3643 1270 3697 ante
