2880 4148
578 215 607 270 Ρ.
633 216 806 270 CORNELII
828 215 953 272 TACITI

679 394 733 445 The
752 393 863 446 Chauci.

304 505 353 568 ³5.
383 507 545 568 Hactenus
565 507 599 567 in
618 509 810 569 occidentem
828 509 1027 571 Germaniam
1049 509 1211 585 novimus3
1233 509 1268 569 in

266 611 511 691 septentrionem
528 612 648 688 ingenti
681 611 765 670 flexu
797 612 887 671 redit.
951 611 998 672 Ac
1030 613 1131 690 primo
1163 613 1271 673 statim

266 717 461 778 Chaucorum
481 736 566 793 gens,
582 736 771 796 quamquam
790 717 922 796 incipiat
937 736 956 778 a
969 717 1080 778 Frisiis
1096 736 1131 778 ao
1146 723 1268 795 partem

266 821 368 882 litoris
390 829 528 900 occupet,
544 823 684 882 omnium
703 841 781 900 quas
803 822 933 900 exposui
954 823 1094 900 gentium
1117 822 1267 883 lateribus

127 949 128 953 ¹
239 927 457 1002 contenditur,
477 928 574 986 donec
595 927 630 986 in
650 927 782 989 Chattos
806 945 906 1005 usque
931 927 1081 988 sinuetur.
1124 928 1200 987 Tam
1224 927 1269 986 in-

267 1050 409 1092 mensum
433 1038 587 1096 terrarum
612 1031 750 1110 spatium
770 1051 833 1092 non
854 1037 965 1092 tenent
988 1038 1112 1092 tantum
1138 1032 1266 1107 Chauci,

268 1137 324 1196 sed
347 1142 379 1196 et
400 1137 542 1214 implent,
567 1137 703 1215 populus
730 1137 814 1196 inter
842 1137 1015 1198 Germanos
1044 1136 1268 1212 nobilissimus,

268 1242 385 1319 quique
410 1241 659 1318 magnitudinem
684 1261 772 1302 suam
797 1242 889 1302 malit
913 1242 1037 1302 iustitia
1060 1242 1151 1302 tueri.
1195 1241 1269 1302 Sine

238 1381 242 1390 »
268 1346 450 1424 cupiditate,
473 1347 540 1407 sine
561 1346 757 1424 impotentia,
779 1347 880 1424 quieti
899 1347 1072 1426 secretique
1093 1347 1182 1406 nulla
1203 1366 1269 1424 pro

123 1442 125 1446 ’
227 1461 256 1506 10
268 1457 381 1511 vocant
401 1451 493 1526 bella,
516 1451 614 1512 nullis
635 1451 777 1529 raptibus
798 1459 853 1512 aut
873 1451 1048 1512 latrociniis
1069 1451 1268 1530 populantur.

269 1557 308 1616 Id
322 1556 522 1634 praecipuum
538 1557 667 1616 virtutis
683 1575 718 1616 ao
735 1557 850 1616 virium
868 1563 1084 1632 argumentum
1103 1557 1269 1634 estquod,

268 1667 304 1721 ut
337 1661 511 1739 superiores
546 1667 650 1737 agant,
680 1681 743 1720 non
774 1680 829 1740 per
867 1661 998 1723 iniurias
1036 1662 1268 1739 adsequuntur3

271 1770 418 1844 prompta
441 1770 547 1823 tamen
571 1764 715 1824 omnibus
734 1784 830 1842 arma
856 1783 901 1838 ac,
927 1763 954 1823 si
978 1782 1028 1823 res
1052 1770 1162 1841 poscat
1190 1783 1275 1824 exer-

271 1870 353 1929 citus
368 1869 574 1946 plurimorum
589 1869 726 1927 virorum
742 1887 971 1946 equorumque3
993 1873 1025 1927 et
1039 1868 1274 1945 quiescentibus

232 1985 260 2032 lo
274 1969 383 2030 eadem
403 1969 496 2029 fama.

598 2074 652 2125 Tha
670 2075 798 2126 Cherusci
815 2076 870 2126 und
889 2076 959 2125 Fosi.

314 2198 362 2260 36.
392 2199 433 2257 In
469 2199 567 2258 latere
606 2198 801 2259 Chaucorum
840 2199 1087 2276 Chattorumque
1124 2197 1275 2260 Cherusci

274 2304 403 2363 nimiam
424 2322 459 2362 ao
478 2309 668 2362 marcentem
688 2303 743 2362 diu
759 2322 867 2382 pacem
886 2303 1060 2364 inlacessiti
1079 2303 1273 2363 nutrierunt:

274 2410 370 2487 idque
388 2408 554 2468 iucundius
574 2426 668 2484 quam
687 2408 788 2469 tutius
809 2409 880 2483 fuit,
896 2409 970 2487 quia
987 2408 1070 2468 inter
1084 2408 1275 2486 impotentes

274 2521 307 2574 et
320 2513 442 2573 validos
459 2513 542 2573 falso
561 2513 721 2591 quiescas:
746 2513 800 2573 ubi
819 2532 914 2573 manu
934 2513 1047 2590 agitur,
1065 2513 1220 2574 modestia
1240 2531 1276 2572 ac

232 2619 413 2696 aoprobitas
442 2618 570 2677 nomina
599 2618 769 2697 superioris
797 2625 878 2678 sunt.
934 2619 987 2678 Ita
1014 2617 1070 2695 qui
1097 2617 1171 2678 olim
1201 2618 1276 2677 boni

275 2724 428 2802 aequique
463 2723 622 2799 Cherusci,
654 2742 736 2782 nunc
767 2723 884 2783 inertes
915 2741 951 2783 ac
982 2723 1073 2783 stulti
1106 2729 1273 2783 vocantur:

275 2828 400 2889 Chattis
417 2829 589 2888 victoribus
609 2829 738 2888 fortuna
758 2828 792 2886 in
813 2828 999 2906 sapientiam
1021 2828 1124 2888 cessit.
1169 2828 1274 2888 Tracti

274 2933 367 2994 ruina
381 2934 607 2996 Cheruscorum
621 2938 653 2992 et
667 2921 751 3008 Fosi,
766 2933 959 2992 contermina
973 2951 1057 3008 gens,
1073 2932 1275 2992 adversarum

275 3058 378 3099 rerum
406 3056 569 3115 exaequo
594 3037 670 3099 socii
698 3043 781 3114 sunt,
809 3057 880 3097 cum
904 3037 938 3096 in
966 3037 1111 3098 secundis
1140 3037 1275 3098 minores

232 3160 262 3206 aa
275 3145 421 3206 fuissent.

355 3305 408 3355 Tha
424 3304 534 3356 Cimbri.
570 3303 679 3355 Roman
698 3302 862 3367 Campaipns
879 3305 987 3366 against
1004 3303 1047 3354 the
1062 3302 1201 3354 Germana.

316 3429 365 3490 37.
393 3429 536 3492 Eundem
552 3428 738 3490 Germaniae
753 3428 856 3487 sinum
871 3427 1008 3505 proximi
1023 3427 1146 3488 Oceano
1157 3427 1276 3490 Cimbri

276 3541 394 3609 tenent,
415 3553 513 3612 parva
533 3552 615 3592 nuno
637 3534 759 3607 civitas,
782 3533 837 3593 sed
859 3532 959 3608 gloria
979 3532 1098 3608 ingens.
1141 3531 1276 3592 Veteris·

277 3658 337 3718 que
358 3640 461 3699 famae
482 3639 547 3698 lata
567 3637 700 3713 vestigia
721 3644 858 3712 manent,
876 3642 1008 3716 utraque
1029 3637 1099 3714 ripa
1118 3644 1221 3698 castra
1241 3655 1276 3697 ac
