2880 4148
581 211 777 264 acomoni.
858 205 861 210 '
1137 201 1179 266 25

178 386 349 464 virtusque.
394 389 571 464 Postquam
594 386 683 447 silvis
706 388 1044 465 adpropinquaverunt,
1068 387 1179 447 identi-

179 492 250 550 dem
262 492 378 570 primos
390 492 587 569 sequentium
601 492 743 551 incautos
755 492 888 553 conlecti
900 497 931 550 et
942 493 1079 550 locorum
1090 492 1179 567 gnari

178 597 470 658 circumveniebant.
526 597 615 668 Quod
642 597 676 654 ni
706 599 854 674 frequens
883 597 999 674 ubique
1031 597 1179 673 Agricola

178 701 299 763 validas
320 707 353 762 et
373 702 536 780 expeditas
559 702 696 762 cohortis
725 701 881 776 indaginis
903 702 1003 776 mode,
1026 707 1057 760 et
1079 701 1178 761 sicubi

178 807 295 866 artiora
326 813 425 882 erant,
455 813 577 886 partem
609 807 751 884 equitum
785 805 923 866 dimissis
957 807 1054 883 equis,
1083 807 1206 867 sim-ult

178 912 311 972 rariores
339 913 436 972 silvas
464 911 601 990 equitem
632 911 807 988 persultare
834 911 988 986 iussisset,
1017 920 1178 990 acceptum

178 1015 305 1094 aliquod
321 1017 436 1076 vulnus
455 1035 511 1094 per
524 1017 654 1076 nimiam
669 1016 815 1075 fiduciam
830 1016 921 1074 foret.
964 1018 1109 1077 Ceterum
1123 1019 1177 1078 ubi
1199 1017 1205 1028 ’

178 1123 365 1198 compositos
373 1121 478 1182 tirmis
493 1121 654 1181 ordinibus
669 1121 758 1198 sequi
772 1140 879 1181 rursus
894 1121 1009 1195 videre,
1022 1122 1055 1180 in
1069 1123 1177 1198 fugam

177 1226 269 1301 versi,
291 1246 353 1286 non
376 1226 562 1302 agminibus,
583 1232 620 1285 ut
642 1226 739 1304 prius,
761 1245 817 1286 nec
839 1226 920 1286 alius
941 1226 1040 1286 alium
1061 1246 1178 1305 respec-

177 1335 289 1406 tantes,
311 1331 373 1390 rari
394 1337 427 1390 et
447 1331 612 1391 vitabundi
631 1331 664 1389 in
684 1331 784 1390 vicem
803 1331 976 1408 longinqua
994 1337 1087 1408 atque
1106 1333 1220 1394 aviam

177 1436 303 1513 petiere.
352 1436 442 1496 Finis
470 1435 621 1514 sequendi
648 1453 710 1494 nox
739 1443 770 1494 et
799 1436 928 1496 satietas
956 1437 1027 1495 fuit.
1080 1439 1178 1497 Caesa

176 1539 315 1600 hostium
336 1541 376 1600 ad
396 1541 502 1600 decem
527 1541 631 1600 milia:
662 1546 838 1600 nostrorum
859 1541 992 1600 trecenti
1015 1542 1178 1618 sexaginta

176 1647 326 1722 cecidere,
340 1647 373 1706 in
388 1647 460 1725 quis
475 1646 577 1706 Aulus
591 1646 726 1721 Atticus,
742 1647 919 1724 praefectus
935 1647 1079 1722 cohortis,
1095 1647 1178 1707 iuve-

176 1752 236 1810 nili
251 1753 360 1812 ardore
374 1758 406 1811 et
420 1752 538 1812 ferocia
551 1751 624 1828 equi
637 1751 779 1810 hostibus
794 1751 920 1810 inlatus.

125 1837 172 1944 Ϊ
217 1856 264 1917 38.
295 1857 337 1916 Et
351 1876 414 1916 nox
428 1857 555 1934 quidem
571 1856 684 1932 gaudio
698 1855 875 1933 praedaque
890 1855 974 1916 laeta
988 1857 1175 1918 victoribus:
1191 1869 1218 1914 15

177 1961 324 2021 Britanni
335 1962 478 2040 palantes
490 1961 651 2038 mixtoque
663 1961 800 2020 virorum
811 1961 1040 2038 mulierumque
1054 1963 1178 2040 ploratu

175 2066 300 2125 trahere
322 2067 510 2140 vulneratos,
534 2084 644 2125 vocare
672 2065 819 2141 integros,
843 2066 986 2126 deserere
1011 2067 1117 2126 domos
1143 2087 1177 2126 ac

176 2189 232 2248 per
246 2171 325 2229 iram
339 2171 424 2230 ultro
442 2171 617 2245 incendere,
633 2171 748 2246 eligere
763 2171 898 2230 latebras
914 2177 945 2230 et
960 2172 1067 2232 statim
1087 2171 1178 2230 relin-

174 2293 288 2352 quere;
317 2274 447 2334 miscere
466 2274 499 2332 in
519 2274 617 2332 vicem
639 2273 770 2333 consilia
790 2275 905 2352 aliqua,
921 2275 994 2334 dein
1016 2294 1175 2352 separare3

174 2379 347 2457 aliquando
360 2378 464 2453 frangi
479 2378 630 2456 adspectu
644 2377 809 2455 pignorum
825 2397 959 2454 suorum,
972 2379 1096 2456 saepius
1111 2399 1178 2438 con·
1192 2390 1222 2435 20

175 2482 277 2543 citari.
322 2483 467 2559 Satisque
486 2483 649 2542 constabat
667 2481 803 2541 saevisse
819 2483 969 2558 quosdam
984 2483 1018 2542 in
1032 2484 1178 2559 coniuges

175 2606 212 2648 ac
227 2588 351 2661 liberos,
363 2592 522 2664 tamquam
537 2587 767 2646 misererentur.
804 2587 969 2648 Proximus
986 2589 1052 2648 dies
1065 2589 1175 2648 faciem

175 2691 327 2751 victoriae
342 2691 437 2751 latius
453 2691 590 2768 aperuit:
614 2696 737 2750 vastum
752 2690 868 2768 ubique
884 2691 1054 2768 silentium,
1067 2695 1178 2754 secreti

174 2797 282 2871 colles,
294 2796 451 2856 fumantia
461 2795 568 2873 procul
583 2801 675 2869 tecta,
687 2814 778 2854 nemo
793 2795 1042 2873 exploratoribus
1057 2799 1175 2860 obvius.

173 2902 297 2972 Quibus
324 2901 358 2959 in
383 2883 505 2959 omnem
532 2905 653 2977 partem
682 2900 830 2975 dimissis,
856 2901 909 2960 ubi
938 2902 1057 2961 ineerta
1083 2903 1218 2979 fugaces

173 3006 311 3083 vestigia
331 3023 432 3082 neque
453 3023 584 3082 usquam
602 2987 780 3081 donglobari
797 3004 903 3065 hostes
920 3013 1112 3084 compertum
1132 3008 1177 3087 (et

172 3116 286 3170 exacta
318 3111 380 3169 iam
409 3115 527 3169 aestate
556 3109 661 3186 spargi
689 3109 806 3168 bellum
834 3110 1007 3192 nequibat),
1039 3111 1073 3171 in
1100 3111 1172 3172 finis

172 3216 376 3276 Borestomm
402 3214 574 3273 exercitum
599 3213 732 3273 deducit.
776 3213 826 3273 lbi
849 3215 985 3292 acceptis
1006 3216 1174 3292 obsidibus,

171 3321 335 3399 praefecto
346 3318 454 3379 classis
466 3318 657 3378 circumvehi
669 3318 865 3377 Britanniam
878 3320 1039 3398 praecipit.
1075 3323 1176 3382 Datae

171 3427 212 3485 ad
235 3425 269 3484 id
290 3425 383 3499 vires,
406 3430 437 3484 et
458 3428 668 3501 praecesserat
689 3429 796 3482 terror.
840 3423 913 3501 Ipse
935 3425 1057 3501 pedites
1082 3431 1175 3504 atque
1189 3447 1218 3494 ao

170 3531 297 3608 equites
322 3529 408 3588 lento
428 3528 550 3602 itinere,
571 3547 633 3606 quo
654 3547 804 3588 novarum
827 3529 965 3603 gentium
988 3530 1085 3588 animi
1107 3531 1177 3608 ipsa

170 3635 328 3696 transitus
343 3653 430 3694 mora
443 3637 643 3708 terrerentur,
655 3633 688 3691 in
702 3633 842 3692 hibernis
857 3633 981 3692 locavit.
1024 3635 1066 3694 Et
1081 3635 1174 3696 simul
