<?xml version="1.0" encoding="UTF-8"?>
<!DOCTYPE html PUBLIC "-//W3C//DTD XHTML 1.0 Transitional//EN"
    "http://www.w3.org/TR/xhtml1/DTD/xhtml1-transitional.dtd">
<html xmlns="http://www.w3.org/1999/xhtml" xml:lang="en" lang="en">
 <head>
  <title>
</title>
<meta http-equiv="Content-Type" content="text/html;charset=utf-8" />
  <meta name='ocr-system' content='tesseract 3.04.00' />
  <meta name='ocr-capabilities' content='ocr_page ocr_carea ocr_par ocr_line ocrx_word'/>
</head>
<body>
  <div class='ocr_page' id='page_1' title='image "./tacitusdevitaet01tacigoog_0123.png"; bbox 0 0 2880 4148; ppageno 0'>
   <div class='ocr_carea' id='block_1_1' title="bbox 249 207 940 276">
    <p class='ocr_par' dir='ltr' id='par_1_1' title="bbox 249 207 940 276">
     <span class='ocr_line' id='line_1_1' title="bbox 249 207 940 276; baseline -0.01 -5"><span class='ocrx_word' id='word_1_1' title='bbox 249 207 290 271; x_wconf 88' lang='lat'>36</span> <span class='ocrx_word' id='word_1_2' title='bbox 563 217 592 266; x_wconf 82' lang='lat' dir='ltr'>r.</span> <span class='ocrx_word' id='word_1_3' title='bbox 618 215 792 276; x_wconf 77' lang='lat' dir='ltr'>consumi</span> <span class='ocrx_word' id='word_1_4' title='bbox 815 215 940 267; x_wconf 76' lang='lat' dir='ltr'>rnorrr</span> 
     </span>
    </p>
   </div>
   <div class='ocr_carea' id='block_1_2' title="bbox 206 387 1251 2982">
    <p class='ocr_par' dir='ltr' id='par_1_2' title="bbox 248 387 1251 783">
     <span class='ocr_line' id='line_1_2' title="bbox 248 387 1251 470; baseline -0.003 -19"><span class='ocrx_word' id='word_1_5' title='bbox 248 390 353 470; x_wconf 88' lang='lat' dir='ltr'>potius</span> <span class='ocrx_word' id='word_1_6' title='bbox 378 409 472 468; x_wconf 89' lang='lat' dir='ltr'>quam</span> <span class='ocrx_word' id='word_1_7' title='bbox 497 388 638 468; x_wconf 89' lang='lat' dir='ltr'>imperio,</span> <span class='ocrx_word' id='word_1_8' title='bbox 662 389 689 450; x_wconf 86' lang='lat' dir='ltr'>si</span> <span class='ocrx_word' id='word_1_9' title='bbox 710 388 858 467; x_wconf 79' lang='lat' dir='ltr'>prompti,</span> <span class='ocrx_word' id='word_1_10' title='bbox 883 389 910 450; x_wconf 90' lang='lat' dir='ltr'>si</span> <span class='ocrx_word' id='word_1_11' title='bbox 932 388 1101 466; x_wconf 78' lang='lat' dir='ltr'>conspicui,</span> <span class='ocrx_word' id='word_1_12' title='bbox 1127 387 1155 449; x_wconf 89' lang='lat' dir='ltr'>si</span> <span class='ocrx_word' id='word_1_13' title='bbox 1177 394 1251 448; x_wconf 89' lang='lat' dir='ltr'>ante</span> 
     </span>
     <span class='ocr_line' id='line_1_3' title="bbox 249 493 1251 573; baseline -0.004 -17"><span class='ocrx_word' id='word_1_14' title='bbox 249 496 347 556; x_wconf 82' lang='lat' dir='ltr'>aciem</span> <span class='ocrx_word' id='word_1_15' title='bbox 366 501 469 572; x_wconf 92' lang='lat' dir='ltr'>agant,</span> <span class='ocrx_word' id='word_1_16' title='bbox 485 495 691 554; x_wconf 90' lang='lat' dir='ltr'>admiratione</span> <span class='ocrx_word' id='word_1_17' title='bbox 705 500 864 573; x_wconf 82' lang='lat' dir='ltr'>praesunt.</span> <span class='ocrx_word' id='word_1_18' title='bbox 905 494 1051 556; x_wconf 85' lang='lat' dir='ltr'>Ceterum</span> <span class='ocrx_word' id='word_1_19' title='bbox 1066 513 1167 571; x_wconf 90' lang='lat' dir='ltr'>neque</span> <span class='ocrx_word' id='word_1_20' title='bbox 1187 493 1251 554; x_wconf 87' lang='lat' dir='ltr'>ani-</span> 
     </span>
     <span class='ocr_line' id='line_1_4' title="bbox 249 598 1251 677; baseline -0.004 -16"><span class='ocrx_word' id='word_1_21' title='bbox 249 602 443 661; x_wconf 82' lang='lat' dir='ltr'>madvertere</span> <span class='ocrx_word' id='word_1_22' title='bbox 453 618 554 677; x_wconf 88' lang='lat' dir='ltr'>neque</span> <span class='ocrx_word' id='word_1_23' title='bbox 565 600 692 675; x_wconf 87' lang='lat' dir='ltr'>vincire,</span> <span class='ocrx_word' id='word_1_24' title='bbox 705 619 744 659; x_wconf 94' lang='lat' dir='ltr'>ne</span> <span class='ocrx_word' id='word_1_25' title='bbox 756 600 918 660; x_wconf 89' lang='lat' dir='ltr'>verberare</span> <span class='ocrx_word' id='word_1_26' title='bbox 932 599 1061 676; x_wconf 88' lang='lat' dir='ltr'>quidem</span> <span class='ocrx_word' id='word_1_27' title='bbox 1075 598 1138 658; x_wconf 90' lang='lat' dir='ltr'>nisi</span> <span class='ocrx_word' id='word_1_28' title='bbox 1153 616 1251 659; x_wconf 86' lang='lat' dir='ltr'>sacer-</span> 
     </span>
     <span class='ocr_line' id='line_1_5' title="bbox 249 703 1249 783; baseline -0.004 -17"><span class='ocrx_word' id='word_1_29' title='bbox 249 707 375 766; x_wconf 89' lang='lat' dir='ltr'>dotibus</span> <span class='ocrx_word' id='word_1_30' title='bbox 389 705 585 783; x_wconf 89' lang='lat' dir='ltr'>permissum,</span> <span class='ocrx_word' id='word_1_31' title='bbox 600 723 663 764; x_wconf 93' lang='lat' dir='ltr'>non</span> <span class='ocrx_word' id='word_1_32' title='bbox 677 705 768 781; x_wconf 81' lang='lat' dir='ltr'>quasi</span> <span class='ocrx_word' id='word_1_33' title='bbox 782 703 817 762; x_wconf 91' lang='lat' dir='ltr'>in</span> <span class='ocrx_word' id='word_1_34' title='bbox 830 723 962 782; x_wconf 88' lang='lat' dir='ltr'>poenam</span> <span class='ocrx_word' id='word_1_35' title='bbox 976 722 1033 763; x_wconf 89' lang='lat' dir='ltr'>nec</span> <span class='ocrx_word' id='word_1_36' title='bbox 1048 703 1137 764; x_wconf 91' lang='lat' dir='ltr'>ducis</span> <span class='ocrx_word' id='word_1_37' title='bbox 1152 703 1249 779; x_wconf 92' lang='lat' dir='ltr'>iussu,</span> 
     </span>
    </p>

    <p class='ocr_par' dir='ltr' id='par_1_3' title="bbox 221 808 1251 1307">
     <span class='ocr_line' id='line_1_6' title="bbox 221 808 1248 887; baseline -0.004 -15"><span class='ocrx_word' id='word_1_38' title='bbox 221 825 236 871; x_wconf 80' lang='lat' dir='ltr'>c</span> <span class='ocrx_word' id='word_1_39' title='bbox 250 812 304 872; x_wconf 90' lang='lat' dir='ltr'>sed</span> <span class='ocrx_word' id='word_1_40' title='bbox 314 810 402 870; x_wconf 88' lang='lat' dir='ltr'>velut</span> <span class='ocrx_word' id='word_1_41' title='bbox 413 811 469 869; x_wconf 92' lang='lat' dir='ltr'>deo</span> <span class='ocrx_word' id='word_1_42' title='bbox 480 809 662 887; x_wconf 85' lang='lat' dir='ltr'>imperante,</span> <span class='ocrx_word' id='word_1_43' title='bbox 675 827 768 886; x_wconf 91' lang='lat' dir='ltr'>quem</span> <span class='ocrx_word' id='word_1_44' title='bbox 779 809 888 870; x_wconf 88' lang='lat' dir='ltr'>adesse</span> <span class='ocrx_word' id='word_1_45' title='bbox 902 808 1094 869; x_wconf 89' lang='lat' dir='ltr'>bellantibus</span> <span class='ocrx_word' id='word_1_46' title='bbox 1109 809 1248 868; x_wconf 88' lang='lat' dir='ltr'>credunt.</span> 
     </span>
     <span class='ocr_line' id='line_1_7' title="bbox 249 913 1250 992; baseline -0.003 -17"><span class='ocrx_word' id='word_1_47' title='bbox 249 915 437 992; x_wconf 82' lang='lat' dir='ltr'>Effigiesque</span> <span class='ocrx_word' id='word_1_48' title='bbox 458 920 490 974; x_wconf 88' lang='lat' dir='ltr'>et</span> <span class='ocrx_word' id='word_1_49' title='bbox 508 915 598 992; x_wconf 90' lang='lat' dir='ltr'>signa</span> <span class='ocrx_word' id='word_1_50' title='bbox 614 914 767 992; x_wconf 89' lang='lat' dir='ltr'>quaedam</span> <span class='ocrx_word' id='word_1_51' title='bbox 786 915 928 974; x_wconf 86' lang='lat' dir='ltr'>detracta</span> <span class='ocrx_word' id='word_1_52' title='bbox 944 913 1025 974; x_wconf 91' lang='lat' dir='ltr'>lucis</span> <span class='ocrx_word' id='word_1_53' title='bbox 1044 913 1078 972; x_wconf 92' lang='lat' dir='ltr'>in</span> <span class='ocrx_word' id='word_1_54' title='bbox 1096 913 1250 991; x_wconf 91' lang='lat' dir='ltr'>proelium</span> 
     </span>
     <span class='ocr_line' id='line_1_8' title="bbox 249 1017 1250 1104; baseline -0.001 -25"><span class='ocrx_word' id='word_1_55' title='bbox 249 1021 373 1095; x_wconf 83' lang='lat' dir='ltr'>ferunt3</span> <span class='ocrx_word' id='word_1_56' title='bbox 399 1021 543 1097; x_wconf 90' lang='lat' dir='ltr'>quodque</span> <span class='ocrx_word' id='word_1_57' title='bbox 564 1019 766 1104; x_wconf 73' lang='lat' dir='ltr'>praecipuum</span> <span class='ocrx_word' id='word_1_58' title='bbox 787 1017 985 1078; x_wconf 84' lang='lat' dir='ltr'>fortitudinis</span> <span class='ocrx_word' id='word_1_59' title='bbox 1010 1018 1250 1078; x_wconf 88' lang='lat' dir='ltr'>incitamentum</span> 
     </span>
     <span class='ocr_line' id='line_1_9' title="bbox 249 1123 1250 1201; baseline -0.002 -17"><span class='ocrx_word' id='word_1_60' title='bbox 249 1131 306 1201; x_wconf 89' lang='lat' dir='ltr'>est,</span> <span class='ocrx_word' id='word_1_61' title='bbox 335 1144 397 1184; x_wconf 91' lang='lat' dir='ltr'>non</span> <span class='ocrx_word' id='word_1_62' title='bbox 429 1143 519 1185; x_wconf 90' lang='lat' dir='ltr'>casus</span> <span class='ocrx_word' id='word_1_63' title='bbox 549 1143 607 1184; x_wconf 92' lang='lat' dir='ltr'>nec</span> <span class='ocrx_word' id='word_1_64' title='bbox 637 1124 771 1184; x_wconf 87' lang='lat' dir='ltr'>fortuita</span> <span class='ocrx_word' id='word_1_65' title='bbox 800 1123 998 1199; x_wconf 84' lang='lat' dir='ltr'>conglobatio</span> <span class='ocrx_word' id='word_1_66' title='bbox 1028 1128 1164 1182; x_wconf 90' lang='lat' dir='ltr'>turmam</span> <span class='ocrx_word' id='word_1_67' title='bbox 1195 1127 1250 1183; x_wconf 91' lang='lat' dir='ltr'>aut</span> 
     </span>
     <span class='ocr_line' id='line_1_10' title="bbox 249 1228 1251 1307; baseline -0.004 -16"><span class='ocrx_word' id='word_1_68' title='bbox 249 1251 381 1291; x_wconf 89' lang='lat' dir='ltr'>cuneum</span> <span class='ocrx_word' id='word_1_69' title='bbox 400 1230 486 1305; x_wconf 75' lang='lat' dir='ltr'>lacit,</span> <span class='ocrx_word' id='word_1_70' title='bbox 503 1231 556 1290; x_wconf 90' lang='lat' dir='ltr'>sed</span> <span class='ocrx_word' id='word_1_71' title='bbox 571 1229 711 1290; x_wconf 87' lang='lat' dir='ltr'>familiae</span> <span class='ocrx_word' id='word_1_72' title='bbox 727 1235 759 1289; x_wconf 95' lang='lat' dir='ltr'>et</span> <span class='ocrx_word' id='word_1_73' title='bbox 773 1228 1040 1307; x_wconf 83' lang='lat' dir='ltr'>propinquitates3</span> <span class='ocrx_word' id='word_1_74' title='bbox 1063 1233 1095 1288; x_wconf 90' lang='lat' dir='ltr'>et</span> <span class='ocrx_word' id='word_1_75' title='bbox 1114 1228 1148 1286; x_wconf 93' lang='lat' dir='ltr'>in</span> <span class='ocrx_word' id='word_1_76' title='bbox 1162 1247 1251 1306; x_wconf 86' lang='lat' dir='ltr'>prox·</span> 
     </span>
    </p>

    <p class='ocr_par' dir='ltr' id='par_1_4' title="bbox 208 1333 1250 1834">
     <span class='ocr_line' id='line_1_11' title="bbox 208 1333 1250 1414; baseline -0.007 -15"><span class='ocrx_word' id='word_1_77' title='bbox 208 1353 237 1399; x_wconf 94' lang='lat'>10</span> <span class='ocrx_word' id='word_1_78' title='bbox 249 1337 313 1396; x_wconf 91' lang='lat' dir='ltr'>imo</span> <span class='ocrx_word' id='word_1_79' title='bbox 331 1337 471 1414; x_wconf 88' lang='lat' dir='ltr'>pignora,</span> <span class='ocrx_word' id='word_1_80' title='bbox 485 1336 568 1395; x_wconf 92' lang='lat' dir='ltr'>unde</span> <span class='ocrx_word' id='word_1_81' title='bbox 583 1335 771 1394; x_wconf 86' lang='lat' dir='ltr'>feminarum</span> <span class='ocrx_word' id='word_1_82' title='bbox 785 1334 926 1394; x_wconf 89' lang='lat' dir='ltr'>ululatus</span> <span class='ocrx_word' id='word_1_83' title='bbox 941 1333 1053 1409; x_wconf 88' lang='lat' dir='ltr'>audiri,</span> <span class='ocrx_word' id='word_1_84' title='bbox 1068 1334 1152 1393; x_wconf 90' lang='lat' dir='ltr'>unde</span> <span class='ocrx_word' id='word_1_85' title='bbox 1166 1333 1250 1409; x_wconf 86' lang='lat' dir='ltr'>vagi-</span> 
     </span>
     <span class='ocr_line' id='line_1_12' title="bbox 249 1439 1249 1518; baseline -0.003 -17"><span class='ocrx_word' id='word_1_86' title='bbox 249 1448 301 1502; x_wconf 93' lang='lat' dir='ltr'>tus</span> <span class='ocrx_word' id='word_1_87' title='bbox 318 1441 497 1501; x_wconf 88' lang='lat' dir='ltr'>infantium.</span> <span class='ocrx_word' id='word_1_88' title='bbox 541 1441 586 1499; x_wconf 91' lang='lat' dir='ltr'>Hi</span> <span class='ocrx_word' id='word_1_89' title='bbox 603 1440 715 1518; x_wconf 90' lang='lat' dir='ltr'>cuique</span> <span class='ocrx_word' id='word_1_90' title='bbox 733 1439 922 1500; x_wconf 88' lang='lat' dir='ltr'>sanctissimi</span> <span class='ocrx_word' id='word_1_91' title='bbox 940 1445 1046 1515; x_wconf 88' lang='lat' dir='ltr'>testes,</span> <span class='ocrx_word' id='word_1_92' title='bbox 1064 1439 1099 1498; x_wconf 93' lang='lat' dir='ltr'>hi</span> <span class='ocrx_word' id='word_1_93' title='bbox 1120 1439 1249 1499; x_wconf 82' lang='lat' dir='ltr'>maximi</span> 
     </span>
     <span class='ocr_line' id='line_1_13' title="bbox 249 1544 1250 1621; baseline -0.002 -15"><span class='ocrx_word' id='word_1_94' title='bbox 249 1548 442 1607; x_wconf 87' lang='lat' dir='ltr'>laudatores:</span> <span class='ocrx_word' id='word_1_95' title='bbox 465 1547 505 1606; x_wconf 89' lang='lat' dir='ltr'>ad</span> <span class='ocrx_word' id='word_1_96' title='bbox 526 1552 651 1621; x_wconf 87' lang='lat' dir='ltr'>matres,</span> <span class='ocrx_word' id='word_1_97' title='bbox 673 1546 713 1605; x_wconf 91' lang='lat' dir='ltr'>ad</span> <span class='ocrx_word' id='word_1_98' title='bbox 733 1545 879 1620; x_wconf 90' lang='lat' dir='ltr'>coniuges</span> <span class='ocrx_word' id='word_1_99' title='bbox 896 1544 1027 1604; x_wconf 86' lang='lat' dir='ltr'>vulnera</span> <span class='ocrx_word' id='word_1_100' title='bbox 1046 1545 1171 1620; x_wconf 84' lang='lat' dir='ltr'>ferunt;</span> <span class='ocrx_word' id='word_1_101' title='bbox 1192 1563 1250 1605; x_wconf 92' lang='lat' dir='ltr'>nec</span> 
     </span>
     <span class='ocr_line' id='line_1_14' title="bbox 249 1649 1250 1728; baseline 0.001 -18"><span class='ocrx_word' id='word_1_102' title='bbox 249 1653 323 1712; x_wconf 90' lang='lat' dir='ltr'>illae</span> <span class='ocrx_word' id='word_1_103' title='bbox 347 1670 510 1711; x_wconf 90' lang='lat' dir='ltr'>numerare</span> <span class='ocrx_word' id='word_1_104' title='bbox 534 1656 589 1711; x_wconf 90' lang='lat' dir='ltr'>aut</span> <span class='ocrx_word' id='word_1_105' title='bbox 613 1650 736 1726; x_wconf 84' lang='lat' dir='ltr'>exigere</span> <span class='ocrx_word' id='word_1_106' title='bbox 761 1650 869 1727; x_wconf 86' lang='lat' dir='ltr'>plagas</span> <span class='ocrx_word' id='word_1_107' title='bbox 894 1654 1020 1727; x_wconf 87' lang='lat' dir='ltr'>pavent,</span> <span class='ocrx_word' id='word_1_108' title='bbox 1045 1649 1193 1728; x_wconf 90' lang='lat' dir='ltr'>cibosque</span> <span class='ocrx_word' id='word_1_109' title='bbox 1217 1656 1250 1711; x_wconf 91' lang='lat' dir='ltr'>et</span> 
     </span>
     <span class='ocr_line' id='line_1_15' title="bbox 249 1755 801 1834; baseline -0.004 -18"><span class='ocrx_word' id='word_1_110' title='bbox 249 1757 427 1816; x_wconf 85' lang='lat' dir='ltr'>hortamina</span> <span class='ocrx_word' id='word_1_111' title='bbox 440 1755 654 1834; x_wconf 89' lang='lat' dir='ltr'>pugnantibus</span> <span class='ocrx_word' id='word_1_112' title='bbox 669 1761 801 1830; x_wconf 90' lang='lat' dir='ltr'>gestant.</span> 
     </span>
    </p>

    <p class='ocr_par' dir='ltr' id='par_1_5' title="bbox 208 1859 1250 2358">
     <span class='ocr_line' id='line_1_16' title="bbox 208 1859 1250 1937; baseline -0.006 -11"><span class='ocrx_word' id='word_1_113' title='bbox 208 1881 236 1926; x_wconf 83' lang='lat'>15</span> <span class='ocrx_word' id='word_1_114' title='bbox 290 1861 317 1922; x_wconf 83' lang='grc'>8.</span> <span class='ocrx_word' id='word_1_115' title='bbox 348 1861 517 1920; x_wconf 85' lang='lat' dir='ltr'>Memoriae</span> <span class='ocrx_word' id='word_1_116' title='bbox 531 1860 674 1937; x_wconf 88' lang='lat' dir='ltr'>proditur</span> <span class='ocrx_word' id='word_1_117' title='bbox 690 1860 841 1937; x_wconf 90' lang='lat' dir='ltr'>quasdam</span> <span class='ocrx_word' id='word_1_118' title='bbox 856 1859 938 1920; x_wconf 88' lang='lat' dir='ltr'>acies</span> <span class='ocrx_word' id='word_1_119' title='bbox 952 1859 1120 1921; x_wconf 89' lang='lat' dir='ltr'>inclinatas</span> <span class='ocrx_word' id='word_1_120' title='bbox 1135 1859 1198 1920; x_wconf 89' lang='lat' dir='ltr'>iarn</span> <span class='ocrx_word' id='word_1_121' title='bbox 1217 1866 1250 1920; x_wconf 91' lang='lat' dir='ltr'>et</span> 
     </span>
     <span class='ocr_line' id='line_1_17' title="bbox 249 1965 1249 2043; baseline -0.002 -17"><span class='ocrx_word' id='word_1_122' title='bbox 249 1967 390 2026; x_wconf 92' lang='lat' dir='ltr'>labantes</span> <span class='ocrx_word' id='word_1_123' title='bbox 405 1984 424 2025; x_wconf 92' lang='lat' dir='ltr'>a</span> <span class='ocrx_word' id='word_1_124' title='bbox 437 1965 564 2025; x_wconf 88' lang='lat' dir='ltr'>feminis</span> <span class='ocrx_word' id='word_1_125' title='bbox 576 1965 738 2026; x_wconf 89' lang='lat' dir='ltr'>restitutas</span> <span class='ocrx_word' id='word_1_126' title='bbox 753 1965 931 2025; x_wconf 86' lang='lat' dir='ltr'>constantia</span> <span class='ocrx_word' id='word_1_127' title='bbox 944 1984 1071 2043; x_wconf 90' lang='lat' dir='ltr'>precum</span> <span class='ocrx_word' id='word_1_128' title='bbox 1082 1971 1115 2024; x_wconf 94' lang='lat' dir='ltr'>et</span> <span class='ocrx_word' id='word_1_129' title='bbox 1125 1965 1249 2025; x_wconf 91' lang='lat' dir='ltr'>obiectu</span> 
     </span>
     <span class='ocr_line' id='line_1_18' title="bbox 249 2069 1248 2149; baseline -0.001 -18"><span class='ocrx_word' id='word_1_130' title='bbox 249 2078 409 2149; x_wconf 90' lang='lat' dir='ltr'>pectorum</span> <span class='ocrx_word' id='word_1_131' title='bbox 428 2075 460 2130; x_wconf 91' lang='lat' dir='ltr'>et</span> <span class='ocrx_word' id='word_1_132' title='bbox 479 2076 651 2130; x_wconf 88' lang='lat' dir='ltr'>monstrata</span> <span class='ocrx_word' id='word_1_133' title='bbox 671 2071 812 2130; x_wconf 90' lang='lat' dir='ltr'>cominus</span> <span class='ocrx_word' id='word_1_134' title='bbox 833 2070 1026 2147; x_wconf 85' lang='lat' dir='ltr'>captivitate,</span> <span class='ocrx_word' id='word_1_135' title='bbox 1042 2088 1136 2147; x_wconf 88' lang='lat' dir='ltr'>quarn</span> <span class='ocrx_word' id='word_1_136' title='bbox 1157 2069 1248 2146; x_wconf 89' lang='lat' dir='ltr'>longe</span> 
     </span>
     <span class='ocr_line' id='line_1_19' title="bbox 249 2175 1249 2254; baseline 0 -19"><span class='ocrx_word' id='word_1_137' title='bbox 249 2177 465 2254; x_wconf 86' lang='lat' dir='ltr'>impatientius</span> <span class='ocrx_word' id='word_1_138' title='bbox 480 2176 666 2236; x_wconf 86' lang='lat' dir='ltr'>feminarum</span> <span class='ocrx_word' id='word_1_139' title='bbox 687 2195 811 2236; x_wconf 90' lang='lat' dir='ltr'>suarum</span> <span class='ocrx_word' id='word_1_140' title='bbox 832 2175 958 2234; x_wconf 91' lang='lat' dir='ltr'>nomine</span> <span class='ocrx_word' id='word_1_141' title='bbox 978 2175 1101 2250; x_wconf 86' lang='lat' dir='ltr'>timent,</span> <span class='ocrx_word' id='word_1_142' title='bbox 1117 2175 1194 2234; x_wconf 88' lang='lat' dir='ltr'>adeo</span> <span class='ocrx_word' id='word_1_143' title='bbox 1213 2181 1249 2236; x_wconf 88' lang='lat' dir='ltr'>ut</span> 
     </span>
     <span class='ocr_line' id='line_1_20' title="bbox 249 2280 1248 2358; baseline 0.001 -17"><span class='ocrx_word' id='word_1_144' title='bbox 249 2281 402 2342; x_wconf 89' lang='lat' dir='ltr'>efficacius</span> <span class='ocrx_word' id='word_1_145' title='bbox 418 2281 595 2356; x_wconf 90' lang='lat' dir='ltr'>obligentur</span> <span class='ocrx_word' id='word_1_146' title='bbox 609 2281 705 2340; x_wconf 90' lang='lat' dir='ltr'>animi</span> <span class='ocrx_word' id='word_1_147' title='bbox 720 2281 885 2340; x_wconf 81' lang='lat' dir='ltr'>civitatrun</span> <span class='ocrx_word' id='word_1_148' title='bbox 900 2281 1014 2358; x_wconf 91' lang='lat' dir='ltr'>quibus</span> <span class='ocrx_word' id='word_1_149' title='bbox 1028 2281 1111 2340; x_wconf 89' lang='lat' dir='ltr'>inter</span> <span class='ocrx_word' id='word_1_150' title='bbox 1124 2280 1248 2342; x_wconf 90' lang='lat' dir='ltr'>obsides</span> 
     </span>
    </p>

    <p class='ocr_par' dir='ltr' id='par_1_6' title="bbox 206 2385 1249 2879">
     <span class='ocr_line' id='line_1_21' title="bbox 206 2385 1248 2464; baseline 0 -19"><span class='ocrx_word' id='word_1_151' title='bbox 206 2407 236 2452; x_wconf 78' lang='lat' dir='ltr'>ao</span> <span class='ocrx_word' id='word_1_152' title='bbox 249 2387 372 2464; x_wconf 89' lang='lat' dir='ltr'>puellae</span> <span class='ocrx_word' id='word_1_153' title='bbox 394 2404 516 2463; x_wconf 92' lang='lat' dir='ltr'>quoque</span> <span class='ocrx_word' id='word_1_154' title='bbox 535 2385 655 2446; x_wconf 89' lang='lat' dir='ltr'>nobiles</span> <span class='ocrx_word' id='word_1_155' title='bbox 671 2385 873 2464; x_wconf 88' lang='lat' dir='ltr'>imperantur.</span> <span class='ocrx_word' id='word_1_156' title='bbox 924 2387 1033 2446; x_wconf 91' lang='lat' dir='ltr'>Inesse</span> <span class='ocrx_word' id='word_1_157' title='bbox 1054 2385 1131 2463; x_wconf 92' lang='lat' dir='ltr'>quin</span> <span class='ocrx_word' id='word_1_158' title='bbox 1152 2385 1248 2446; x_wconf 91' lang='lat' dir='ltr'>etiam</span> 
     </span>
     <span class='ocr_line' id='line_1_22' title="bbox 250 2491 1248 2568; baseline 0 -16"><span class='ocrx_word' id='word_1_159' title='bbox 250 2498 392 2552; x_wconf 86' lang='lat' dir='ltr'>sanctum</span> <span class='ocrx_word' id='word_1_160' title='bbox 416 2491 537 2568; x_wconf 89' lang='lat' dir='ltr'>aliquid</span> <span class='ocrx_word' id='word_1_161' title='bbox 562 2496 594 2550; x_wconf 92' lang='lat' dir='ltr'>et</span> <span class='ocrx_word' id='word_1_162' title='bbox 618 2491 783 2568; x_wconf 89' lang='lat' dir='ltr'>providum</span> <span class='ocrx_word' id='word_1_163' title='bbox 808 2497 930 2568; x_wconf 90' lang='lat' dir='ltr'>putant,</span> <span class='ocrx_word' id='word_1_164' title='bbox 956 2509 1013 2551; x_wconf 92' lang='lat' dir='ltr'>nec</span> <span class='ocrx_word' id='word_1_165' title='bbox 1038 2496 1092 2550; x_wconf 90' lang='lat' dir='ltr'>aut</span> <span class='ocrx_word' id='word_1_166' title='bbox 1116 2491 1248 2552; x_wconf 89' lang='lat' dir='ltr'>consilia</span> 
     </span>
     <span class='ocr_line' id='line_1_23' title="bbox 246 2591 1249 2671; baseline 0.002 -21"><span class='ocrx_word' id='word_1_167' title='bbox 246 2611 353 2651; x_wconf 88' lang='lat' dir='ltr'>earum</span> <span class='ocrx_word' id='word_1_168' title='bbox 365 2593 594 2670; x_wconf 90' lang='lat' dir='ltr'>adspernantur</span> <span class='ocrx_word' id='word_1_169' title='bbox 604 2599 658 2653; x_wconf 87' lang='lat' dir='ltr'>aut</span> <span class='ocrx_word' id='word_1_170' title='bbox 666 2611 816 2671; x_wconf 88' lang='lat' dir='ltr'>responsa</span> <span class='ocrx_word' id='word_1_171' title='bbox 826 2592 1004 2669; x_wconf 91' lang='lat' dir='ltr'>neglegunt.</span> <span class='ocrx_word' id='word_1_172' title='bbox 1034 2591 1179 2653; x_wconf 86' lang='lat' dir='ltr'>Vidimus</span> <span class='ocrx_word' id='word_1_173' title='bbox 1191 2592 1249 2652; x_wconf 87' lang='lat' dir='ltr'>sub</span> 
     </span>
     <span class='ocr_line' id='line_1_24' title="bbox 247 2695 1249 2776; baseline 0 -20"><span class='ocrx_word' id='word_1_174' title='bbox 247 2697 321 2756; x_wconf 91' lang='lat' dir='ltr'>divo</span> <span class='ocrx_word' id='word_1_175' title='bbox 342 2697 536 2775; x_wconf 86' lang='lat' dir='ltr'>Vespasiano</span> <span class='ocrx_word' id='word_1_176' title='bbox 558 2698 708 2758; x_wconf 70' lang='lat' dir='ltr'>Veledam</span> <span class='ocrx_word' id='word_1_177' title='bbox 734 2699 789 2758; x_wconf 89' lang='lat' dir='ltr'>diu</span> <span class='ocrx_word' id='word_1_178' title='bbox 814 2698 898 2776; x_wconf 92' lang='lat' dir='ltr'>apud</span> <span class='ocrx_word' id='word_1_179' title='bbox 922 2697 1087 2776; x_wconf 87' lang='lat' dir='ltr'>plerosque</span> <span class='ocrx_word' id='word_1_180' title='bbox 1109 2695 1249 2756; x_wconf 88' lang='lat' dir='ltr'>numinis</span> 
     </span>
     <span class='ocr_line' id='line_1_25' title="bbox 246 2799 1248 2879; baseline 0.001 -20"><span class='ocrx_word' id='word_1_181' title='bbox 246 2801 314 2861; x_wconf 91' lang='lat' dir='ltr'>loco</span> <span class='ocrx_word' id='word_1_182' title='bbox 329 2802 486 2879; x_wconf 76' lang='lat' dir='ltr'>habitam,</span> <span class='ocrx_word' id='word_1_183' title='bbox 510 2804 564 2864; x_wconf 92' lang='lat' dir='ltr'>sed</span> <span class='ocrx_word' id='word_1_184' title='bbox 585 2809 617 2862; x_wconf 91' lang='lat' dir='ltr'>et</span> <span class='ocrx_word' id='word_1_185' title='bbox 639 2803 712 2862; x_wconf 90' lang='lat' dir='ltr'>olim</span> <span class='ocrx_word' id='word_1_186' title='bbox 728 2803 923 2875; x_wconf 74' lang='lat' dir='ltr'>tAlbrunam</span> <span class='ocrx_word' id='word_1_187' title='bbox 939 2808 971 2862; x_wconf 91' lang='lat' dir='ltr'>et</span> <span class='ocrx_word' id='word_1_188' title='bbox 985 2801 1155 2879; x_wconf 90' lang='lat' dir='ltr'>compluris</span> <span class='ocrx_word' id='word_1_189' title='bbox 1170 2799 1248 2861; x_wconf 89' lang='lat' dir='ltr'>alias</span> 
     </span>
    </p>

    <p class='ocr_par' dir='ltr' id='par_1_7' title="bbox 207 2904 1246 2982">
     <span class='ocr_line' id='line_1_26' title="bbox 207 2904 1246 2982; baseline -0.002 -14"><span class='ocrx_word' id='word_1_190' title='bbox 207 2922 237 2969; x_wconf 80' lang='lat' dir='ltr'>au</span> <span class='ocrx_word' id='word_1_191' title='bbox 251 2905 391 2965; x_wconf 80' lang='lat' dir='ltr'>venerati</span> <span class='ocrx_word' id='word_1_192' title='bbox 405 2911 487 2980; x_wconf 89' lang='lat' dir='ltr'>sunt,</span> <span class='ocrx_word' id='word_1_193' title='bbox 499 2923 562 2965; x_wconf 91' lang='lat' dir='ltr'>non</span> <span class='ocrx_word' id='word_1_194' title='bbox 573 2904 752 2964; x_wconf 89' lang='lat' dir='ltr'>adulatione</span> <span class='ocrx_word' id='word_1_195' title='bbox 763 2923 820 2965; x_wconf 89' lang='lat' dir='ltr'>nec</span> <span class='ocrx_word' id='word_1_196' title='bbox 834 2911 994 2982; x_wconf 86' lang='lat' dir='ltr'>tamquam</span> <span class='ocrx_word' id='word_1_197' title='bbox 1008 2905 1150 2966; x_wconf 84' lang='lat' dir='ltr'>facerent</span> <span class='ocrx_word' id='word_1_198' title='bbox 1164 2905 1246 2966; x_wconf 89' lang='lat' dir='ltr'>deas.</span> 
     </span>
    </p>
   </div>
   <div class='ocr_carea' id='block_1_3' title="bbox 578 3080 911 3145">
    <p class='ocr_par' dir='ltr' id='par_1_8' title="bbox 578 3080 911 3145">
     <span class='ocr_line' id='line_1_27' title="bbox 578 3080 911 3145; baseline -0.006 -13"><span class='ocrx_word' id='word_1_199' title='bbox 578 3083 720 3145; x_wconf 70' lang='lat' dir='ltr'>Rezrpious</span> <span class='ocrx_word' id='word_1_200' title='bbox 736 3080 911 3133; x_wconf 76' lang='lat' dir='ltr'>Gerentoaies.</span> 
     </span>
    </p>
   </div>
   <div class='ocr_carea' id='block_1_4' title="bbox 206 3213 1266 3712">
    <p class='ocr_par' dir='ltr' id='par_1_9' title="bbox 248 3213 1248 3606">
     <span class='ocr_line' id='line_1_28' title="bbox 289 3213 1247 3288; baseline 0 -14"><span class='ocrx_word' id='word_1_201' title='bbox 289 3213 317 3275; x_wconf 87' lang='grc'>9.</span> <span class='ocrx_word' id='word_1_202' title='bbox 347 3214 483 3273; x_wconf 89' lang='lat' dir='ltr'>Deorum</span> <span class='ocrx_word' id='word_1_203' title='bbox 494 3213 630 3273; x_wconf 87' lang='lat' dir='ltr'>maxime</span> <span class='ocrx_word' id='word_1_204' title='bbox 641 3213 831 3273; x_wconf 88' lang='lat' dir='ltr'>Mercurium</span> <span class='ocrx_word' id='word_1_205' title='bbox 844 3213 959 3288; x_wconf 90' lang='lat' dir='ltr'>colunt,</span> <span class='ocrx_word' id='word_1_206' title='bbox 972 3213 1023 3272; x_wconf 92' lang='lat' dir='ltr'>cui</span> <span class='ocrx_word' id='word_1_207' title='bbox 1033 3213 1126 3274; x_wconf 88' lang='lat' dir='ltr'>certis</span> <span class='ocrx_word' id='word_1_208' title='bbox 1138 3213 1247 3274; x_wconf 91' lang='lat' dir='ltr'>diebus</span> 
     </span>
     <span class='ocr_line' id='line_1_29' title="bbox 248 3317 1248 3396; baseline 0.001 -19"><span class='ocrx_word' id='word_1_209' title='bbox 248 3319 394 3380; x_wconf 89' lang='lat' dir='ltr'>humanis</span> <span class='ocrx_word' id='word_1_210' title='bbox 409 3336 531 3396; x_wconf 90' lang='lat' dir='ltr'>quoque</span> <span class='ocrx_word' id='word_1_211' title='bbox 549 3318 662 3378; x_wconf 89' lang='lat' dir='ltr'>hostiis</span> <span class='ocrx_word' id='word_1_212' title='bbox 680 3318 772 3378; x_wconf 90' lang='lat' dir='ltr'>litare</span> <span class='ocrx_word' id='word_1_213' title='bbox 789 3319 838 3378; x_wconf 81' lang='lat' dir='ltr'>fas</span> <span class='ocrx_word' id='word_1_214' title='bbox 857 3319 982 3378; x_wconf 89' lang='lat' dir='ltr'>habent.</span> <span class='ocrx_word' id='word_1_215' title='bbox 1026 3317 1195 3378; x_wconf 88' lang='lat' dir='ltr'>Herculem</span> <span class='ocrx_word' id='word_1_216' title='bbox 1212 3336 1248 3378; x_wconf 88' lang='lat' dir='ltr'>ac</span> 
     </span>
     <span class='ocr_line' id='line_1_30' title="bbox 249 3423 1246 3501; baseline -0.001 -18"><span class='ocrx_word' id='word_1_217' title='bbox 249 3426 385 3484; x_wconf 90' lang='lat' dir='ltr'>Martem</span> <span class='ocrx_word' id='word_1_218' title='bbox 409 3423 563 3484; x_wconf 89' lang='lat' dir='ltr'>concessis</span> <span class='ocrx_word' id='word_1_219' title='bbox 588 3423 776 3484; x_wconf 90' lang='lat' dir='ltr'>animalibus</span> <span class='ocrx_word' id='word_1_220' title='bbox 797 3424 931 3501; x_wconf 87' lang='lat' dir='ltr'>placant.</span> <span class='ocrx_word' id='word_1_221' title='bbox 974 3425 1053 3484; x_wconf 91' lang='lat' dir='ltr'>Pars</span> <span class='ocrx_word' id='word_1_222' title='bbox 1075 3424 1246 3484; x_wconf 80' lang='lat' dir='ltr'>Sueborum</span> 
     </span>
     <span class='ocr_line' id='line_1_31' title="bbox 248 3527 1246 3606; baseline -0.001 -17"><span class='ocrx_word' id='word_1_223' title='bbox 248 3535 280 3589; x_wconf 92' lang='lat' dir='ltr'>ct</span> <span class='ocrx_word' id='word_1_224' title='bbox 301 3529 381 3588; x_wconf 88' lang='lat' dir='ltr'>Isidi</span> <span class='ocrx_word' id='word_1_225' title='bbox 403 3527 571 3589; x_wconf 88' lang='lat' dir='ltr'>sacrificat:</span> <span class='ocrx_word' id='word_1_226' title='bbox 595 3529 677 3587; x_wconf 90' lang='lat' dir='ltr'>unde</span> <span class='ocrx_word' id='word_1_227' title='bbox 698 3547 792 3588; x_wconf 90' lang='lat' dir='ltr'>causa</span> <span class='ocrx_word' id='word_1_228' title='bbox 810 3535 842 3588; x_wconf 88' lang='grc'>61</span> <span class='ocrx_word' id='word_1_229' title='bbox 861 3529 947 3605; x_wconf 88' lang='lat' dir='ltr'>origo</span> <span class='ocrx_word' id='word_1_230' title='bbox 967 3529 1131 3606; x_wconf 86' lang='lat' dir='ltr'>peregrino</span> <span class='ocrx_word' id='word_1_231' title='bbox 1150 3548 1246 3605; x_wconf 85' lang='lat' dir='ltr'>sacro,</span> 
     </span>
    </p>

    <p class='ocr_par' dir='ltr' id='par_1_10' title="bbox 206 3633 1266 3712">
     <span class='ocr_line' id='line_1_32' title="bbox 206 3633 1266 3712; baseline 0.002 -20"><span class='ocrx_word' id='word_1_232' title='bbox 206 3646 235 3692; x_wconf 83' lang='lat'>30</span> <span class='ocrx_word' id='word_1_233' title='bbox 248 3653 358 3712; x_wconf 89' lang='lat' dir='ltr'>parum</span> <span class='ocrx_word' id='word_1_234' title='bbox 372 3633 518 3712; x_wconf 88' lang='lat' dir='ltr'>comperi,</span> <span class='ocrx_word' id='word_1_235' title='bbox 532 3633 595 3694; x_wconf 89' lang='lat' dir='ltr'>nisi</span> <span class='ocrx_word' id='word_1_236' title='bbox 609 3634 692 3711; x_wconf 88' lang='lat' dir='ltr'>quod</span> <span class='ocrx_word' id='word_1_237' title='bbox 707 3633 831 3709; x_wconf 90' lang='lat' dir='ltr'>signum</span> <span class='ocrx_word' id='word_1_238' title='bbox 846 3633 950 3712; x_wconf 91' lang='lat' dir='ltr'>ipsum</span> <span class='ocrx_word' id='word_1_239' title='bbox 964 3633 998 3692; x_wconf 92' lang='lat' dir='ltr'>in</span> <span class='ocrx_word' id='word_1_240' title='bbox 1012 3635 1139 3696; x_wconf 90' lang='lat' dir='ltr'>modum</span> <span class='ocrx_word' id='word_1_241' title='bbox 1154 3635 1247 3695; x_wconf 90' lang='lat' dir='ltr'>libur-</span> <span class='ocrx_word' id='word_1_242' title='bbox 1262 3659 1266 3666; x_wconf 91' lang='lat'><strong>·</strong></span> 
     </span>
    </p>
   </div>
   <div class='ocr_carea' id='block_1_5' title="bbox 0 0 1444 4148">
    <p class='ocr_par' dir='ltr' id='par_1_11' title="bbox 0 0 1444 4148">
     <span class='ocr_line' id='line_1_33' title="bbox 0 0 1444 4148; baseline 0 1"><span class='ocrx_word' id='word_1_243' title='bbox 0 0 1444 4148; x_wconf 95' lang='lat' dir='ltr'> </span> 
     </span>
    </p>
   </div>
  </div>
 </body>
</html>
