2840 4132
503 273 506 279 Ι
578 204 773 260 nonrconn.
1137 195 1178 263 11

179 382 329 443 maiorum
350 401 476 442 suorum
497 379 734 441 aemularentur.
778 381 867 440 Neve
883 380 995 458 proelii
1012 381 1104 442 unius
1124 387 1178 442 aut

178 489 307 550 alterius
327 493 442 548 eventu
461 475 678 565 pavescerent:
704 486 774 563 plus
789 486 933 564 impetus,
948 487 1097 547 maiorem
1110 505 1178 548 con·

178 594 328 654 stantiam
351 611 446 670 penes
471 592 599 652 miseros
624 610 699 652 esse.
743 592 812 652 Iam
836 592 1058 652 Britannorum
1083 593 1179 654 etiarn

178 701 253 760 deos
267 698 416 773 misereri,
431 697 487 775 qui
501 698 676 756 Romanum
691 698 801 756 ducem
815 697 983 773 absentem,
995 699 1050 776 qui
1064 699 1179 775 relega

178 811 247 864 tum
260 804 294 863 in
308 803 371 864 alia
385 802 490 864 insula
503 802 675 862 exercituin
691 803 884 879 detinerent;
907 803 969 863 iarn
983 804 1077 881 ipsos,
1094 805 1205 882 quoda

178 909 395 968 difficillimum
412 907 518 982 fuerit,
533 907 713 968 deliberare.
756 908 854 968 Porro
872 908 906 967 in
925 909 991 970 eius
1011 909 1096 968 modi
1110 928 1179 968 con·

179 1014 260 1076 siliis
282 1012 486 1091 periculosius
507 1031 576 1073 esse
596 1013 789 1090 deprehendi
810 1031 904 1090 quam
925 1015 1045 1074 audere.

126 1121 151 1146 ⁴
171 1115 266 1180 tt‘16.
296 1119 358 1180 His
386 1124 480 1196 atque
507 1117 624 1202 talibus
652 1118 686 1176 in
713 1119 813 1178 vicem
841 1119 993 1194 instincti,
1022 1120 1179 1180 Boudicca

179 1225 301 1302 generis
315 1223 394 1299 regii
407 1223 528 1282 femina
541 1223 618 1282 duce
635 1223 749 1302 (neque
764 1223 847 1282 enim
862 1242 970 1284 sexum
985 1225 1018 1283 in
1037 1225 1177 1302 imperiis

179 1331 373 1409 discernunt)
399 1347 559 1406 sumpsere
583 1328 722 1388 universi
744 1328 878 1404 bellumr
908 1347 943 1388 ac
971 1347 1095 1408 sparsos
1122 1341 1221 1407 perro

178 1435 309 1496 castella
327 1433 445 1492 milites
469 1433 649 1508 consectati,
674 1434 862 1511 expugnatis
886 1433 1052 1510 praesidiis
1076 1434 1178 1512 ipsam

179 1540 330 1600 coloniam
361 1540 503 1600 invasere
529 1544 566 1598 ut
594 1539 697 1599 sedem
727 1539 898 1614 servitutis,
926 1557 983 1599 nec
1013 1539 1114 1599 ullum
1144 1541 1178 1599 in

179 1645 319 1706 barbaris
342 1645 490 1706 saevitiae
516 1663 613 1720 genus
636 1644 743 1704 omisit
769 1644 817 1703 ira
843 1650 875 1703 et
903 1645 1043 1704 victoria.
1089 1645 1178 1716 Quod

179 1751 243 1810 nisi
273 1749 425 1810 Paulinus
457 1749 581 1825 cognito
614 1749 792 1826 provinciae
825 1754 912 1808 motu
944 1768 1074 1828 propere
1111 1751 1179 1810 sub

180 1855 327 1931 venisset,
358 1855 475 1914 amissa
501 1854 668 1913 Britannia
695 1855 795 1930 foret3
824 1873 918 1930 quam
945 1855 1039 1914 unius
1066 1855 1179 1932 proelii
1193 1865 1220 1910 15

179 1961 308 2020 fortuna
328 1959 426 2019 veteri
445 1959 616 2036 patientiae
637 1959 786 2032 restituit,
801 1959 979 2018 tenentibus
995 1978 1080 2018 arma
1101 1959 1180 2036 pler·
1236 2011 1239 2015 .

180 2067 269 2143 isque
291 2083 368 2142 quos
386 2065 576 2124 conscientia
594 2065 780 2124 defectionis
800 2071 832 2124 et
849 2066 996 2142 rproprius
1016 2084 1055 2123 ex
1076 2065 1179 2141 legato

179 2171 274 2230 timor
288 2170 435 2245 agitabat,
450 2161 698 2246 ne,quamqrra1n
714 2170 856 2244 egregius
870 2177 980 2244 cetera,
993 2171 1179 2244 adroganter

176 2279 210 2337 in
231 2275 353 2336 deditos
375 2281 406 2334 et
427 2281 463 2334 ut
478 2271 557 2334 ‘suae
579 2276 710 2352 quisque
732 2275 863 2334 iniuriae
886 2275 969 2333 ultor
990 2273 1098 2333 durius
1111 2293 1180 2332 con-

180 2377 303 2438 suleret.
354 2357 472 2436 Missus
493 2363 590 2450 igitur
610 2376 777 2436 Petronius
797 2377 999 2454 Turpilianus
1018 2384 1179 2456 tamquam
1192 2391 1222 2437 20

179 2481 368 2542 exorabilior
387 2488 418 2540 et
437 2481 561 2540 delictis
580 2481 718 2540 hostiurn
738 2501 836 2560 nouus
857 2501 953 2558 eoque
968 2483 1178 2560 paenitentiae

179 2587 295 2661 mitior,
317 2571 506 2663 compositis
518 2585 674 2662 prioribus
696 2586 777 2644 nihil
798 2587 882 2646 ultra
904 2606 998 2646 ausus
1022 2588 1179 2647 Trebellio

179 2691 319 2780 Maximo
333 2691 525 2769 provinciam
536 2691 676 2750 tradidit.
713 2691 887 2752 Trebellius
903 2693 1026 2789 segnior
1036 2699 1068 2752 et
1082 2693 1178 2754 nullis

178 2803 351 2856 castrorum
372 2796 606 2873 experimentis,
632 2796 778 2855 comitate
799 2798 934 2872 quadam
959 2797 1089 2858 curandi
1112 2817 1179 2876 pro

179 2901 315 2961 vinciam
330 2901 440 2960 tenuit.
482 2901 628 2990 Didicere
650 2900 712 2959 iarn
733 2901 856 2960 barbari
877 2921 999 2979 quoque
1020 2903 1179 2979 ignoscere
1192 2915 1221 2960 25
1294 2949 1297 2963 .

178 3006 268 3066 vitiis
296 3005 540 3080 blandientibus,
569 3012 601 3064 et
628 3005 824 3064 interventus
854 3006 996 3065 civilium
1023 3025 1179 3067 armorum

179 3111 324 3190 praebuit
348 3109 463 3170 iustam
491 3110 643 3184 segnitiae
671 3109 916 3198 excusationem:
946 3112 1001 3171 sed
1023 3112 1180 3172 discordia

179 3217 364 3294 laboratum,
386 3235 456 3296 curn
478 3215 627 3275 adsuetus
648 3215 901 3292 expeditionibus
922 3217 1014 3277 miles
1036 3219 1100 3277 otio
1122 3218 1181 3278 las·

179 3301 300 3382 civiret.
342 3321 526 3396 Trebellius,
542 3321 619 3397 fuga
640 3339 675 3380 ac
696 3320 825 3396 latebris
841 3322 941 3382 vitata
959 3323 1114 3383 exercitus
1134 3325 1181 3383 ira

181 3427 344 3487 indecorus
364 3427 458 3504 atque
477 3426 617 3500 humilis,
632 3425 772 3502 precario
793 3445 863 3485 mox
879 3427 1027 3505 praefuit,
1043 3447 1078 3488 ac
1095 3429 1181 3487 velut
1194 3441 1223 3485 ³0

180 3532 275 3610 pacti,
297 3532 452 3592 exercitus
480 3531 650 3605 licentiam,
673 3532 736 3590 dux
762 3531 895 3592 salutem
920 3539 952 3592 et
977 3533 1091 3592 seditio
1113 3533 1180 3592 sine

180 3637 331 3714 sanguiue
346 3637 442 3698 stetit.
480 3637 547 3697 Nec
562 3636 688 3696 Vettius
704 3636 851 3705 Bolanus,
867 3639 1064 3697 manentibus
1080 3637 1180 3696 adhuc
