2880 4148
562 246 766 300 susurrus.
1121 237 1162 304 51

162 425 267 503 spatia
295 445 426 502 quorum
458 423 578 484 ambitu
609 441 691 481 nunc
723 441 845 500 quoque
877 420 1018 484 metiaris
1049 422 1163 482 molem

162 549 334 606 manusque
362 529 465 605 gentis
490 534 610 588 ettam
635 526 740 603 magni
765 527 869 587 exitus
893 525 996 586 fidem.
1017 523 1018 528 ’
1039 526 1164 588 Sescen-

162 635 308 695 tesimum
328 640 360 694 et
380 633 652 712 quadragesimum
675 651 792 692 annum
815 631 890 692 urbs
913 637 1021 692 nostra
1042 633 1162 708 agebat,

162 759 233 799 cum
254 739 389 817 primum
412 739 608 800 Cimbrorum
623 737 731 797 audita
748 741 821 798 sunt
838 755 924 796 arma
942 736 1078 798 Caecilio
1099 739 1164 798 Me·

162 845 239 904 tello
258 844 386 923 Papirio
406 844 546 905 Carbone
561 842 749 902 oonsulibus.
792 842 842 900 Ex
856 861 917 920 quo
933 841 960 902 si
975 842 1015 902 ad
1029 842 1191 902 alterumn

163 949 361 1028 imperatoris
392 948 522 1008 Traiani
553 947 747 1008 consulatum
781 952 1006 1024 computemus,
1036 947 1164 1008 ducenti

163 1055 263 1114 ferme
288 1059 320 1114 et
345 1054 452 1114 decem
480 1053 555 1113 anni
573 1051 788 1128 conliguntur:
818 1057 882 1111 tam
912 1051 967 1111 diu
995 1053 1164 1112 Germania

163 1159 309 1218 vincitur.
352 1158 459 1218 Medio
482 1163 547 1217 tam
567 1157 653 1234 longi
674 1157 744 1217 aevi
766 1156 869 1234 spatio
889 1156 990 1216 multa
1010 1157 1044 1216 in
1062 1157 1163 1218 vicem

164 1266 286 1324 damna
342 1265 416 1324 Non
438 1263 572 1338 Samnis
593 1281 656 1322 uon
677 1262 784 1338 Poeni,
807 1281 870 1322 non
892 1262 1068 1340 Hispaniae
1093 1263 1164 1324 Gal-

164 1371 273 1444 liaeve,
297 1388 337 1428 nc
365 1369 476 1429 Parthi
505 1368 632 1446 quidem
660 1367 784 1446 saepius
813 1367 1016 1427 admonuere:
1048 1369 1164 1446 quippe
1178 1381 1207 1426 10

164 1495 260 1553 regno
284 1475 411 1536 Arsacis
439 1474 539 1534 acrior
566 1479 615 1534 est
640 1474 866 1535 Germanorum
895 1473 1033 1534 libertas.
1082 1475 1165 1545 Quid

164 1581 246 1640 enim
269 1580 357 1640 alind
377 1579 466 1640 nobis
488 1599 582 1658 quam
610 1579 736 1639 caedem
763 1579 877 1654 Crassi,
899 1579 1014 1638 amisso
1042 1584 1073 1638 et
1097 1579 1165 1657 ipse

164 1687 291 1760 Pacoro,
306 1685 392 1745 infra
409 1684 594 1745 Ventidium
616 1684 755 1744 deiectus
777 1684 888 1745 Oriens
910 1684 1081 1747 obiecerit?
1119 1684 1165 1744 At

165 1789 315 1852 Germani
330 1789 470 1852 Carbone
484 1797 516 1850 et
535 1789 642 1852 Cassio
657 1795 689 1849 et
708 1790 822 1850 Scauro
836 1788 967 1848 Aurelio
981 1795 1013 1849 et
1031 1789 1164 1850 Servilio

165 1898 320 1975 Caepione
356 1898 525 1973 Gnaeoque
560 1896 671 1956 Mallio
700 1895 782 1956 fusis
810 1894 861 1954 vel
893 1895 994 1972 captis
1026 1895 1207 1973 quinquen

164 1999 259 2059 simul
280 1999 459 2059 consulares
480 1999 637 2060 exercitus
656 1999 773 2078 populo
793 1999 945 2075 Romano,
959 2001 1076 2060 Varum
1096 2001 1166 2061 tris·

164 2121 225 2180 que
251 2123 321 2163 cum
349 2122 386 2163 eo
414 2103 552 2181 legiones
581 2104 677 2164 etiam
708 2104 834 2166 Caesari
862 2104 1075 2182 abstulerunt3
1107 2124 1169 2165 uec

163 2208 292 2286 impune
319 2209 352 2270 C.
382 2209 503 2269 Marius
530 2209 564 2268 in
592 2209 697 2285 italia,
727 2209 829 2269 Divus
858 2209 960 2270 Iulius
988 2189 1022 2268 in
1051 2210 1163 2284 Gallia,

163 2315 286 2374 Drusus
315 2332 351 2374 ac
379 2314 466 2374 Nero
494 2319 526 2373 et
554 2314 759 2375 Germanicus
790 2315 825 2373 iu
856 2315 921 2375 suis
953 2334 1005 2375 eos
1038 2315 1164 2376 sedibus

162 2417 379 2498 perculerunt:
405 2437 478 2478 mox
499 2419 641 2496 ingentes
664 2419 725 2480 Gai
746 2419 887 2480 Caesaris
909 2421 1011 2479 minae
1033 2420 1067 2478 in
1088 2419 1165 2479 ludi·
1178 2435 1208 2481 20

161 2523 265 2583 brium
287 2541 403 2584 versae.
447 2523 526 2583 Inde
550 2523 658 2600 otium,
682 2525 780 2584 donec
807 2525 966 2585 occasione
992 2525 1165 2584 discordiae

162 2633 289 2688 nostrae
305 2633 339 2688 et
354 2627 496 2688 civilium
512 2647 668 2688 armorum
684 2629 872 2706 expugnatis
892 2629 1049 2704 legionum
1066 2629 1165 2689 hiber-

161 2733 213 2793 nis
241 2733 338 2792 etiam
366 2733 488 2794 Gallias
520 2733 735 2810 adfectavere3
770 2753 806 2794 ac
837 2753 945 2794 rursus
976 2735 1049 2794 iude
1080 2735 1165 2811 pulsi

161 2837 315 2916 proximis
329 2838 522 2916 temporibus
537 2838 724 2916 triumphati
739 2838 838 2914 magis
853 2857 946 2917 quam
962 2839 1038 2899 victi
1053 2844 1135 2900 sunt.

259 3045 286 3096 b.
311 3044 408 3098 Suebic
424 3060 456 3098 or
474 3044 667 3098 Soutteastcrn
685 3047 740 3098 and
754 3045 947 3098 Nortteasterc
969 3047 1071 3099 Trites.

551 3128 662 3194 (Chaps.
682 3128 786 3194 38-45.)

582 3245 637 3294 The
656 3243 746 3296 Suebi.

204 3356 253 3420 38.
281 3358 375 3420 Nunc
390 3357 429 3419 de
445 3358 555 3420 Suebis
570 3359 737 3419 dicendum
752 3366 809 3432 est,
822 3378 952 3436 quorum
966 3377 1030 3418 non
1043 3377 1115 3434 una,
1129 3363 1166 3419 ut
1178 3361 1208 3407 2⁶

161 3463 350 3524 Chattorum
378 3465 641 3524 Tencterorumve
671 3484 763 3542 gens;
800 3465 946 3524 maiorem
977 3465 1060 3523 euim
1092 3465 1167 3525 Ger-

161 3569 288 3629 maniae
321 3574 444 3647 partem
483 3568 636 3644 obtinent,
672 3570 807 3646 propriis
846 3569 947 3628 adhuc
985 3569 1165 3628 nationibus

160 3673 405 3752 nominibusque
434 3673 572 3750 discreti,
601 3693 789 3754 quamquam
824 3673 858 3735 iu
892 3690 1043 3734 conrnune
1076 3671 1169 3731 Suebi
