<?xml version="1.0" encoding="UTF-8"?>
<!DOCTYPE html PUBLIC "-//W3C//DTD XHTML 1.0 Transitional//EN"
    "http://www.w3.org/TR/xhtml1/DTD/xhtml1-transitional.dtd">
<html xmlns="http://www.w3.org/1999/xhtml" xml:lang="en" lang="en">
 <head>
  <title>
</title>
<meta http-equiv="Content-Type" content="text/html;charset=utf-8" />
  <meta name='ocr-system' content='tesseract 3.04.00' />
  <meta name='ocr-capabilities' content='ocr_page ocr_carea ocr_par ocr_line ocrx_word'/>
</head>
<body>
  <div class='ocr_page' id='page_1' title='image "./tacitusdevitaet01tacigoog_0133.png"; bbox 0 0 2880 4148; ppageno 0'>
   <div class='ocr_carea' id='block_1_1' title="bbox 258 187 1014 290">
    <p class='ocr_par' dir='ltr' id='par_1_1' title="bbox 258 187 1014 290">
     <span class='ocr_line' id='line_1_1' title="bbox 258 187 1014 290; baseline 0.003 -39"><span class='ocrx_word' id='word_1_1' title='bbox 258 187 302 252; x_wconf 87' lang='grc'><strong>46</strong></span> <span class='ocrx_word' id='word_1_2' title='bbox 571 205 600 254; x_wconf 84' lang='lat' dir='ltr'><strong>r.</strong></span> <span class='ocrx_word' id='word_1_3' title='bbox 626 202 801 258; x_wconf 72' lang='lat' dir='ltr'><strong>cornuum</strong></span> <span class='ocrx_word' id='word_1_4' title='bbox 823 202 949 256; x_wconf 71' lang='lat' dir='ltr'><strong>sacrm</strong></span> <span class='ocrx_word' id='word_1_5' title='bbox 1010 281 1014 290; x_wconf 32' lang='grc' dir='ltr'>Ι</span> 
     </span>
    </p>
   </div>
   <div class='ocr_carea' id='block_1_2' title="bbox 259 372 1264 769">
    <p class='ocr_par' dir='ltr' id='par_1_2' title="bbox 259 372 1264 769">
     <span class='ocr_line' id='line_1_2' title="bbox 300 372 1263 449; baseline 0.001 -16"><span class='ocrx_word' id='word_1_6' title='bbox 300 375 387 435; x_wconf 87' lang='lat' dir='ltr'><strong>Haec</strong></span> <span class='ocrx_word' id='word_1_7' title='bbox 409 375 443 434; x_wconf 89' lang='lat' dir='ltr'><strong>in</strong></span> <span class='ocrx_word' id='word_1_8' title='bbox 463 394 614 435; x_wconf 88' lang='lat' dir='ltr'><strong>eomnuue</strong></span> <span class='ocrx_word' id='word_1_9' title='bbox 634 376 673 434; x_wconf 90' lang='lat' dir='ltr'><strong>de</strong></span> <span class='ocrx_word' id='word_1_10' title='bbox 693 375 832 435; x_wconf 90' lang='lat' dir='ltr'><strong>omnium</strong></span> <span class='ocrx_word' id='word_1_11' title='bbox 847 375 1073 436; x_wconf 88' lang='lat' dir='ltr'><strong>Germanorum</strong></span> <span class='ocrx_word' id='word_1_12' title='bbox 1088 372 1209 449; x_wconf 78' lang='lat' dir='ltr'><strong>origine</strong></span> <span class='ocrx_word' id='word_1_13' title='bbox 1226 392 1263 434; x_wconf 88' lang='lat' dir='ltr'><strong>ac</strong></span> 
     </span>
     <span class='ocr_line' id='line_1_3' title="bbox 259 465 1263 558; baseline -0.001 -19"><span class='ocrx_word' id='word_1_14' title='bbox 259 465 397 541; x_wconf 87' lang='lat' dir='ltr'><strong>moribus</strong></span> <span class='ocrx_word' id='word_1_15' title='bbox 417 480 609 558; x_wconf 87' lang='lat' dir='ltr'><strong>accepimus:</strong></span> <span class='ocrx_word' id='word_1_16' title='bbox 631 500 713 540; x_wconf 90' lang='lat' dir='ltr'><strong>nunc</strong></span> <span class='ocrx_word' id='word_1_17' title='bbox 735 480 928 557; x_wconf 87' lang='lat' dir='ltr'><strong>singularum</strong></span> <span class='ocrx_word' id='word_1_18' title='bbox 951 479 1092 554; x_wconf 84' lang='lat' dir='ltr'><strong>gentium</strong></span> <span class='ocrx_word' id='word_1_19' title='bbox 1114 478 1263 538; x_wconf 91' lang='lat' dir='ltr'><strong>instituta</strong></span> 
     </span>
     <span class='ocr_line' id='line_1_4' title="bbox 259 583 1264 664; baseline 0 -20"><span class='ocrx_word' id='word_1_20' title='bbox 259 585 409 662; x_wconf 87' lang='lat' dir='ltr'><strong>ritusque,</strong></span> <span class='ocrx_word' id='word_1_21' title='bbox 422 592 577 664; x_wconf 89' lang='lat' dir='ltr'><strong>quatenus</strong></span> <span class='ocrx_word' id='word_1_22' title='bbox 588 586 746 661; x_wconf 86' lang='lat' dir='ltr'><strong>differant,</strong></span> <span class='ocrx_word' id='word_1_23' title='bbox 758 605 898 664; x_wconf 90' lang='lat' dir='ltr'><strong>quaeque</strong></span> <span class='ocrx_word' id='word_1_24' title='bbox 910 584 1053 645; x_wconf 88' lang='lat' dir='ltr'><strong>nationes</strong></span> <span class='ocrx_word' id='word_1_25' title='bbox 1064 603 1081 643; x_wconf 95' lang='lat' dir='ltr'><strong>e</strong></span> <span class='ocrx_word' id='word_1_26' title='bbox 1093 583 1264 644; x_wconf 81' lang='lat' dir='ltr'>Germania</span> 
     </span>
     <span class='ocr_line' id='line_1_5' title="bbox 259 689 906 769; baseline 0.003 -21"><span class='ocrx_word' id='word_1_27' title='bbox 259 689 294 749; x_wconf 93' lang='lat' dir='ltr'><strong>in</strong></span> <span class='ocrx_word' id='word_1_28' title='bbox 308 690 429 751; x_wconf 92' lang='lat' dir='ltr'><strong>Gallias</strong></span> <span class='ocrx_word' id='word_1_29' title='bbox 444 691 717 767; x_wconf 85' lang='lat' dir='ltr'><strong>conmigravcrint,</strong></span> <span class='ocrx_word' id='word_1_30' title='bbox 733 691 906 769; x_wconf 84' lang='lat' dir='ltr'>expediam.</span> 
     </span>
    </p>
   </div>
   <div class='ocr_carea' id='block_1_3' title="bbox 773 805 903 815">
    <p class='ocr_par' dir='ltr' id='par_1_3' title="bbox 773 805 903 815">
     <span class='ocr_line' id='line_1_6' title="bbox 773 805 903 815; baseline 0.008 -1"><span class='ocrx_word' id='word_1_31' title='bbox 773 806 805 814; x_wconf 64' lang='lat'><em>—</em></span> <span class='ocrx_word' id='word_1_32' title='bbox 873 805 903 815; x_wconf 47' lang='grc' dir='ltr'><strong>κ-</strong></span> 
     </span>
    </p>
   </div>
   <div class='ocr_carea' id='block_1_4' title="bbox 411 853 1114 910">
    <p class='ocr_par' dir='ltr' id='par_1_4' title="bbox 411 853 1114 910">
     <span class='ocr_line' id='line_1_7' title="bbox 411 853 1114 910; baseline 0.003 -4"><span class='ocrx_word' id='word_1_33' title='bbox 411 854 449 907; x_wconf 88' lang='grc' dir='ltr'><strong>ΙΙ.</strong></span> <span class='ocrx_word' id='word_1_34' title='bbox 486 853 693 908; x_wconf 79' lang='lat' dir='ltr'><strong>Duscmrmou</strong></span> <span class='ocrx_word' id='word_1_35' title='bbox 712 869 750 908; x_wconf 83' lang='lat' dir='ltr'><strong>or</strong></span> <span class='ocrx_word' id='word_1_36' title='bbox 770 854 972 910; x_wconf 74' lang='lat' dir='ltr'><strong>Pnnrrcuuan</strong></span> <span class='ocrx_word' id='word_1_37' title='bbox 991 855 1114 910; x_wconf 79' lang='lat' dir='ltr'><strong>Tarsus.</strong></span> 
     </span>
    </p>
   </div>
   <div class='ocr_carea' id='block_1_5' title="bbox 209 976 1261 3703">
    <p class='ocr_par' dir='ltr' id='par_1_5' title="bbox 337 976 1184 1163">
     <span class='ocr_line' id='line_1_8' title="bbox 337 976 1184 1044; baseline 0 -16"><span class='ocrx_word' id='word_1_38' title='bbox 337 990 361 1028; x_wconf 83' lang='lat' dir='ltr'><strong>a</strong></span> <span class='ocrx_word' id='word_1_39' title='bbox 387 977 504 1032; x_wconf 77' lang='lat' dir='ltr'><strong>Wastcrn</strong></span> <span class='ocrx_word' id='word_1_40' title='bbox 521 977 576 1027; x_wconf 87' lang='lat' dir='ltr'><strong>aud</strong></span> <span class='ocrx_word' id='word_1_41' title='bbox 593 976 793 1028; x_wconf 80' lang='lat' dir='ltr'><strong>Norttwcstern</strong></span> <span class='ocrx_word' id='word_1_42' title='bbox 812 977 912 1028; x_wconf 74' lang='lat' dir='ltr'><strong>Tricas.</strong></span> <span class='ocrx_word' id='word_1_43' title='bbox 951 977 1062 1043; x_wconf 84' lang='lat' dir='ltr'><strong>(Chaps.</strong></span> <span class='ocrx_word' id='word_1_44' title='bbox 1076 977 1184 1044; x_wconf 78' lang='lat'>28-37.)</span> 
     </span>
     <span class='ocr_line' id='line_1_9' title="bbox 544 1101 977 1163; baseline 0 -12"><span class='ocrx_word' id='word_1_45' title='bbox 544 1102 669 1162; x_wconf 77' lang='lat' dir='ltr'><strong>Helvetii,</strong></span> <span class='ocrx_word' id='word_1_46' title='bbox 684 1103 757 1162; x_wconf 80' lang='lat' dir='ltr'><strong>Boii,</strong></span> <span class='ocrx_word' id='word_1_47' title='bbox 775 1101 830 1163; x_wconf 84' lang='lat' dir='ltr'><strong>Osi,</strong></span> <span class='ocrx_word' id='word_1_48' title='bbox 844 1101 977 1154; x_wconf 78' lang='lat' dir='ltr'><strong>Aravisci.</strong></span> 
     </span>
    </p>

    <p class='ocr_par' dir='ltr' id='par_1_6' title="bbox 232 1207 1261 1708">
     <span class='ocr_line' id='line_1_10' title="bbox 232 1207 1261 1271; baseline 0.007 -7"><span class='ocrx_word' id='word_1_49' title='bbox 232 1217 248 1264; x_wconf 79' lang='lat' dir='ltr'><strong>o</strong></span> <span class='ocrx_word' id='word_1_50' title='bbox 300 1207 349 1270; x_wconf 82' lang='grc'><strong>28.</strong></span> <span class='ocrx_word' id='word_1_51' title='bbox 378 1208 555 1270; x_wconf 84' lang='lat' dir='ltr'><strong>Validiores</strong></span> <span class='ocrx_word' id='word_1_52' title='bbox 570 1207 643 1268; x_wconf 93' lang='lat' dir='ltr'><strong>olim</strong></span> <span class='ocrx_word' id='word_1_53' title='bbox 657 1208 817 1269; x_wconf 86' lang='lat' dir='ltr'>Gallorum</span> <span class='ocrx_word' id='word_1_54' title='bbox 831 1227 880 1269; x_wconf 90' lang='lat' dir='ltr'><strong>res</strong></span> <span class='ocrx_word' id='word_1_55' title='bbox 892 1208 991 1269; x_wconf 88' lang='lat' dir='ltr'><strong>fuisse</strong></span> <span class='ocrx_word' id='word_1_56' title='bbox 1006 1229 1145 1270; x_wconf 91' lang='lat' dir='ltr'><strong>summus</strong></span> <span class='ocrx_word' id='word_1_57' title='bbox 1159 1215 1261 1271; x_wconf 84' lang='lat' dir='ltr'><strong>aucto</strong></span> 
     </span>
     <span class='ocr_line' id='line_1_11' title="bbox 260 1313 1259 1391; baseline 0.003 -18"><span class='ocrx_word' id='word_1_58' title='bbox 260 1334 338 1390; x_wconf 92' lang='lat' dir='ltr'><strong>rum,</strong></span> <span class='ocrx_word' id='word_1_59' title='bbox 367 1315 467 1374; x_wconf 86' lang='lat' dir='ltr'><strong>Divus</strong></span> <span class='ocrx_word' id='word_1_60' title='bbox 500 1314 601 1375; x_wconf 89' lang='lat' dir='ltr'><strong>Iulius</strong></span> <span class='ocrx_word' id='word_1_61' title='bbox 634 1313 749 1388; x_wconf 87' lang='lat' dir='ltr'><strong>tradit;</strong></span> <span class='ocrx_word' id='word_1_62' title='bbox 783 1332 881 1391; x_wconf 91' lang='lat' dir='ltr'><strong>eoque</strong></span> <span class='ocrx_word' id='word_1_63' title='bbox 907 1314 1057 1374; x_wconf 84' lang='lat' dir='ltr'><strong>credibile</strong></span> <span class='ocrx_word' id='word_1_64' title='bbox 1084 1321 1134 1375; x_wconf 89' lang='lat' dir='ltr'><strong>est</strong></span> <span class='ocrx_word' id='word_1_65' title='bbox 1165 1316 1259 1376; x_wconf 90' lang='lat' dir='ltr'><strong>etiam</strong></span> 
     </span>
     <span class='ocr_line' id='line_1_12' title="bbox 261 1419 1259 1497; baseline 0 -17"><span class='ocrx_word' id='word_1_66' title='bbox 261 1419 369 1480; x_wconf 84' lang='lat' dir='ltr'>Gallos</span> <span class='ocrx_word' id='word_1_67' title='bbox 399 1419 433 1478; x_wconf 94' lang='lat' dir='ltr'><strong>in</strong></span> <span class='ocrx_word' id='word_1_68' title='bbox 462 1419 664 1480; x_wconf 88' lang='lat' dir='ltr'>Germaniam</span> <span class='ocrx_word' id='word_1_69' title='bbox 692 1424 919 1495; x_wconf 89' lang='lat' dir='ltr'><strong>transgressos:</strong></span> <span class='ocrx_word' id='word_1_70' title='bbox 957 1419 1145 1497; x_wconf 90' lang='lat' dir='ltr'><strong>quantulum</strong></span> <span class='ocrx_word' id='word_1_71' title='bbox 1175 1421 1259 1481; x_wconf 91' lang='lat' dir='ltr'><strong>enim</strong></span> 
     </span>
     <span class='ocr_line' id='line_1_13' title="bbox 259 1524 1258 1603; baseline 0.003 -20"><span class='ocrx_word' id='word_1_72' title='bbox 259 1524 360 1585; x_wconf 90' lang='lat' dir='ltr'><strong>amnis</strong></span> <span class='ocrx_word' id='word_1_73' title='bbox 388 1525 531 1585; x_wconf 80' lang='lat' dir='ltr'>obstabat</span> <span class='ocrx_word' id='word_1_74' title='bbox 555 1524 751 1603; x_wconf 89' lang='lat' dir='ltr'><strong>quominus,</strong></span> <span class='ocrx_word' id='word_1_75' title='bbox 774 1529 809 1583; x_wconf 91' lang='lat' dir='ltr'><strong>ut</strong></span> <span class='ocrx_word' id='word_1_76' title='bbox 830 1542 971 1601; x_wconf 90' lang='lat' dir='ltr'><strong>quaeque</strong></span> <span class='ocrx_word' id='word_1_77' title='bbox 992 1543 1068 1600; x_wconf 90' lang='lat' dir='ltr'><strong>gens</strong></span> <span class='ocrx_word' id='word_1_78' title='bbox 1089 1525 1258 1601; x_wconf 68' lang='lat' dir='ltr'><strong>maluerat,</strong></span> 
     </span>
     <span class='ocr_line' id='line_1_14' title="bbox 259 1629 1260 1708; baseline 0 -18"><span class='ocrx_word' id='word_1_79' title='bbox 259 1636 424 1708; x_wconf 87' lang='lat' dir='ltr'><strong>occuparet</strong></span> <span class='ocrx_word' id='word_1_80' title='bbox 435 1635 687 1707; x_wconf 84' lang='lat' dir='ltr'><strong>permutaretque</strong></span> <span class='ocrx_word' id='word_1_81' title='bbox 702 1630 791 1690; x_wconf 89' lang='lat' dir='ltr'><strong>sedes</strong></span> <span class='ocrx_word' id='word_1_82' title='bbox 805 1629 997 1707; x_wconf 89' lang='lat' dir='ltr'><strong>promiscuas</strong></span> <span class='ocrx_word' id='word_1_83' title='bbox 1008 1629 1110 1689; x_wconf 90' lang='lat' dir='ltr'><strong>adhuc</strong></span> <span class='ocrx_word' id='word_1_84' title='bbox 1125 1636 1157 1690; x_wconf 90' lang='lat' dir='ltr'><strong>et</strong></span> <span class='ocrx_word' id='word_1_85' title='bbox 1172 1631 1260 1691; x_wconf 92' lang='lat' dir='ltr'><strong>nulla</strong></span> 
     </span>
    </p>

    <p class='ocr_par' dir='ltr' id='par_1_7' title="bbox 217 1734 1259 2232">
     <span class='ocr_line' id='line_1_15' title="bbox 217 1734 1256 1813; baseline 0.002 -21"><span class='ocrx_word' id='word_1_86' title='bbox 217 1745 246 1792; x_wconf 90' lang='lat'><strong>10</strong></span> <span class='ocrx_word' id='word_1_87' title='bbox 259 1753 423 1812; x_wconf 87' lang='lat' dir='ltr'><strong>regnorum</strong></span> <span class='ocrx_word' id='word_1_88' title='bbox 451 1735 594 1813; x_wconf 90' lang='lat' dir='ltr'><strong>potentia</strong></span> <span class='ocrx_word' id='word_1_89' title='bbox 621 1734 765 1795; x_wconf 86' lang='lat' dir='ltr'><strong>divisas?</strong></span> <span class='ocrx_word' id='word_1_90' title='bbox 823 1734 927 1811; x_wconf 78' lang='lat' dir='ltr'><strong>Igitur</strong></span> <span class='ocrx_word' id='word_1_91' title='bbox 955 1734 1037 1793; x_wconf 89' lang='lat' dir='ltr'><strong>inter</strong></span> <span class='ocrx_word' id='word_1_92' title='bbox 1064 1735 1256 1813; x_wconf 74' lang='lat' dir='ltr'><strong>Hercyniam</strong></span> 
     </span>
     <span class='ocr_line' id='line_1_16' title="bbox 258 1839 1258 1917; baseline -0.001 -16"><span class='ocrx_word' id='word_1_93' title='bbox 258 1839 370 1901; x_wconf 91' lang='lat' dir='ltr'><strong>silvam</strong></span> <span class='ocrx_word' id='word_1_94' title='bbox 386 1840 594 1917; x_wconf 84' lang='lat' dir='ltr'><strong>Rhenumque</strong></span> <span class='ocrx_word' id='word_1_95' title='bbox 613 1846 646 1900; x_wconf 92' lang='lat' dir='ltr'><strong>et</strong></span> <span class='ocrx_word' id='word_1_96' title='bbox 664 1841 812 1899; x_wconf 88' lang='lat' dir='ltr'><strong>Moenum</strong></span> <span class='ocrx_word' id='word_1_97' title='bbox 826 1858 933 1901; x_wconf 89' lang='lat' dir='ltr'><strong>amnes</strong></span> <span class='ocrx_word' id='word_1_98' title='bbox 949 1839 1091 1899; x_wconf 78' lang='lat' dir='ltr'><strong>Helvetii</strong></span> <span class='ocrx_word' id='word_1_99' title='bbox 1104 1840 1258 1915; x_wconf 89' lang='lat' dir='ltr'><strong>citeriora,</strong></span> 
     </span>
     <span class='ocr_line' id='line_1_17' title="bbox 257 1944 1258 2023; baseline 0.001 -19"><span class='ocrx_word' id='word_1_100' title='bbox 257 1945 408 2006; x_wconf 91' lang='lat' dir='ltr'><strong>ulteriora</strong></span> <span class='ocrx_word' id='word_1_101' title='bbox 432 1945 511 2019; x_wconf 84' lang='lat' dir='ltr'><strong>Boii,</strong></span> <span class='ocrx_word' id='word_1_102' title='bbox 537 1944 662 2006; x_wconf 90' lang='lat' dir='ltr'><strong>Gallica</strong></span> <span class='ocrx_word' id='word_1_103' title='bbox 688 1950 821 2023; x_wconf 88' lang='lat' dir='ltr'><strong>utraque</strong></span> <span class='ocrx_word' id='word_1_104' title='bbox 849 1963 934 2020; x_wconf 85' lang='lat' dir='ltr'><strong>gens,</strong></span> <span class='ocrx_word' id='word_1_105' title='bbox 952 1951 1096 2015; x_wconf 78' lang='lat' dir='ltr'><strong>tenuere.</strong></span> <span class='ocrx_word' id='word_1_106' title='bbox 1149 1947 1258 2005; x_wconf 89' lang='lat' dir='ltr'><strong>Manet</strong></span> 
     </span>
     <span class='ocr_line' id='line_1_18' title="bbox 257 2048 1259 2127; baseline 0 -17"><span class='ocrx_word' id='word_1_107' title='bbox 257 2050 359 2110; x_wconf 90' lang='lat' dir='ltr'><strong>adhuc</strong></span> <span class='ocrx_word' id='word_1_108' title='bbox 374 2049 537 2109; x_wconf 84' lang='lat' dir='ltr'><strong>Boihaemi</strong></span> <span class='ocrx_word' id='word_1_109' title='bbox 551 2067 665 2108; x_wconf 91' lang='lat' dir='ltr'><strong>nomeu</strong></span> <span class='ocrx_word' id='word_1_110' title='bbox 680 2048 897 2127; x_wconf 88' lang='lat' dir='ltr'><strong>significatque</strong></span> <span class='ocrx_word' id='word_1_111' title='bbox 907 2049 977 2112; x_wconf 90' lang='lat' dir='ltr'><strong>loci</strong></span> <span class='ocrx_word' id='word_1_112' title='bbox 995 2056 1132 2110; x_wconf 88' lang='lat' dir='ltr'><strong>veterem</strong></span> <span class='ocrx_word' id='word_1_113' title='bbox 1147 2069 1259 2110; x_wconf 82' lang='lat' dir='ltr'><strong>memo</strong></span> 
     </span>
     <span class='ocr_line' id='line_1_19' title="bbox 257 2153 1257 2232; baseline 0.001 -19"><span class='ocrx_word' id='word_1_114' title='bbox 257 2155 336 2214; x_wconf 91' lang='lat' dir='ltr'><strong>riam</strong></span> <span class='ocrx_word' id='word_1_115' title='bbox 350 2154 493 2232; x_wconf 89' lang='lat' dir='ltr'><strong>quamvis</strong></span> <span class='ocrx_word' id='word_1_116' title='bbox 507 2154 638 2214; x_wconf 90' lang='lat' dir='ltr'><strong>mutatis</strong></span> <span class='ocrx_word' id='word_1_117' title='bbox 653 2153 833 2214; x_wconf 86' lang='lat' dir='ltr'><strong>cultoribus.</strong></span> <span class='ocrx_word' id='word_1_118' title='bbox 869 2154 930 2214; x_wconf 86' lang='lat' dir='ltr'><strong>Sed</strong></span> <span class='ocrx_word' id='word_1_119' title='bbox 945 2159 1049 2213; x_wconf 86' lang='lat' dir='ltr'><strong>utrum</strong></span> <span class='ocrx_word' id='word_1_120' title='bbox 1064 2154 1209 2215; x_wconf 85' lang='lat' dir='ltr'><strong>Aravisci</strong></span> <span class='ocrx_word' id='word_1_121' title='bbox 1224 2155 1257 2214; x_wconf 91' lang='lat' dir='ltr'><strong>iu</strong></span> 
     </span>
    </p>

    <p class='ocr_par' dir='ltr' id='par_1_8' title="bbox 209 2243 1257 3281">
     <span class='ocr_line' id='line_1_20' title="bbox 209 2243 1257 2340; baseline 0 -19"><span class='ocrx_word' id='word_1_122' title='bbox 209 2272 243 2322; x_wconf 69' lang='lat' dir='ltr'><strong>aa</strong></span> <span class='ocrx_word' id='word_1_123' title='bbox 256 2259 452 2319; x_wconf 86' lang='lat' dir='ltr'><strong>Pannoniam</strong></span> <span class='ocrx_word' id='word_1_124' title='bbox 480 2259 519 2319; x_wconf 93' lang='lat' dir='ltr'><strong>ab</strong></span> <span class='ocrx_word' id='word_1_125' title='bbox 547 2243 619 2319; x_wconf 79' lang='lat' dir='ltr'><strong>Gsis</strong></span> <span class='ocrx_word' id='word_1_126' title='bbox 642 2257 885 2338; x_wconf 89' lang='lat' dir='ltr'><strong>[Germanorum</strong></span> <span class='ocrx_word' id='word_1_127' title='bbox 909 2258 1052 2340; x_wconf 90' lang='lat' dir='ltr'><strong>natione]</strong></span> <span class='ocrx_word' id='word_1_128' title='bbox 1076 2278 1117 2319; x_wconf 92' lang='lat' dir='ltr'><strong>au</strong></span> <span class='ocrx_word' id='word_1_129' title='bbox 1140 2259 1195 2320; x_wconf 87' lang='lat' dir='ltr'><strong>Osi</strong></span> <span class='ocrx_word' id='word_1_130' title='bbox 1218 2261 1257 2321; x_wconf 90' lang='lat' dir='ltr'><strong>ab</strong></span> 
     </span>
     <span class='ocr_line' id='line_1_21' title="bbox 257 2361 1257 2437; baseline -0.002 -15"><span class='ocrx_word' id='word_1_131' title='bbox 257 2363 416 2424; x_wconf 83' lang='lat' dir='ltr'><strong>Araviscis</strong></span> <span class='ocrx_word' id='word_1_132' title='bbox 447 2363 479 2422; x_wconf 91' lang='lat' dir='ltr'><strong>iu</strong></span> <span class='ocrx_word' id='word_1_133' title='bbox 509 2363 710 2424; x_wconf 86' lang='lat' dir='ltr'><strong>Germaniam</strong></span> <span class='ocrx_word' id='word_1_134' title='bbox 734 2361 1005 2437; x_wconf 88' lang='lat' dir='ltr'><strong>conmigraverint,</strong></span> <span class='ocrx_word' id='word_1_135' title='bbox 1042 2380 1112 2422; x_wconf 89' lang='lat' dir='ltr'><strong>cum</strong></span> <span class='ocrx_word' id='word_1_136' title='bbox 1148 2365 1257 2422; x_wconf 88' lang='lat' dir='ltr'><strong>eodem</strong></span> 
     </span>
     <span class='ocr_line' id='line_1_22' title="bbox 256 2467 1256 2543; baseline -0.003 -14"><span class='ocrx_word' id='word_1_137' title='bbox 256 2469 358 2529; x_wconf 87' lang='lat' dir='ltr'><strong>adhuc</strong></span> <span class='ocrx_word' id='word_1_138' title='bbox 377 2487 519 2528; x_wconf 88' lang='lat' dir='ltr'><strong>sermone</strong></span> <span class='ocrx_word' id='word_1_139' title='bbox 540 2467 697 2528; x_wconf 90' lang='lat' dir='ltr'><strong>institutis</strong></span> <span class='ocrx_word' id='word_1_140' title='bbox 714 2467 852 2527; x_wconf 89' lang='lat' dir='ltr'><strong>moribus</strong></span> <span class='ocrx_word' id='word_1_141' title='bbox 871 2472 1010 2541; x_wconf 86' lang='lat' dir='ltr'><strong>utantur,</strong></span> <span class='ocrx_word' id='word_1_142' title='bbox 1026 2467 1179 2526; x_wconf 89' lang='lat' dir='ltr'><strong>incertum</strong></span> <span class='ocrx_word' id='word_1_143' title='bbox 1199 2475 1256 2543; x_wconf 90' lang='lat' dir='ltr'><strong>est,</strong></span> 
     </span>
     <span class='ocr_line' id='line_1_23' title="bbox 255 2572 1256 2652; baseline 0 -20"><span class='ocrx_word' id='word_1_144' title='bbox 255 2574 331 2652; x_wconf 91' lang='lat' dir='ltr'><strong>quia</strong></span> <span class='ocrx_word' id='word_1_145' title='bbox 344 2574 412 2652; x_wconf 87' lang='lat' dir='ltr'><strong>pari</strong></span> <span class='ocrx_word' id='word_1_146' title='bbox 428 2573 503 2633; x_wconf 91' lang='lat' dir='ltr'><strong>olim</strong></span> <span class='ocrx_word' id='word_1_147' title='bbox 522 2573 629 2651; x_wconf 90' lang='lat' dir='ltr'><strong>iuopia</strong></span> <span class='ocrx_word' id='word_1_148' title='bbox 647 2592 683 2633; x_wconf 91' lang='lat' dir='ltr'><strong>ao</strong></span> <span class='ocrx_word' id='word_1_149' title='bbox 702 2573 847 2632; x_wconf 90' lang='lat' dir='ltr'><strong>libertate</strong></span> <span class='ocrx_word' id='word_1_150' title='bbox 865 2573 974 2632; x_wconf 91' lang='lat' dir='ltr'><strong>eadem</strong></span> <span class='ocrx_word' id='word_1_151' title='bbox 992 2572 1155 2650; x_wconf 88' lang='lat' dir='ltr'><strong>utriusque</strong></span> <span class='ocrx_word' id='word_1_152' title='bbox 1170 2572 1256 2650; x_wconf 86' lang='lat' dir='ltr'><strong>ripae</strong></span> 
     </span>
     <span class='ocr_line' id='line_1_24' title="bbox 255 2676 1257 2756; baseline -0.001 -17"><span class='ocrx_word' id='word_1_153' title='bbox 255 2680 337 2740; x_wconf 92' lang='lat' dir='ltr'><strong>bona</strong></span> <span class='ocrx_word' id='word_1_154' title='bbox 358 2679 502 2756; x_wconf 89' lang='lat' dir='ltr'><strong>malaque</strong></span> <span class='ocrx_word' id='word_1_155' title='bbox 526 2683 624 2738; x_wconf 89' lang='lat' dir='ltr'><strong>erant.</strong></span> <span class='ocrx_word' id='word_1_156' title='bbox 674 2677 804 2738; x_wconf 77' lang='lat' dir='ltr'><strong>Treveri</strong></span> <span class='ocrx_word' id='word_1_157' title='bbox 831 2683 864 2736; x_wconf 92' lang='lat' dir='ltr'><strong>et</strong></span> <span class='ocrx_word' id='word_1_158' title='bbox 887 2676 999 2737; x_wconf 80' lang='lat' dir='ltr'><strong>Nervii</strong></span> <span class='ocrx_word' id='word_1_159' title='bbox 1027 2677 1257 2738; x_wconf 80' lang='lat' dir='ltr'><strong>circaadfecta</strong></span> 
     </span>
     <span class='ocr_line' id='line_1_25' title="bbox 212 2781 1257 2859; baseline -0.006 -12"><span class='ocrx_word' id='word_1_160' title='bbox 212 2785 372 2847; x_wconf 79' lang='lat' dir='ltr'><strong>actionem</strong></span> <span class='ocrx_word' id='word_1_161' title='bbox 398 2783 601 2845; x_wconf 84' lang='lat' dir='ltr'><strong>Germanicae</strong></span> <span class='ocrx_word' id='word_1_162' title='bbox 625 2783 754 2859; x_wconf 85' lang='lat' dir='ltr'><strong>originis</strong></span> <span class='ocrx_word' id='word_1_163' title='bbox 779 2781 863 2842; x_wconf 91' lang='lat' dir='ltr'><strong>ultro</strong></span> <span class='ocrx_word' id='word_1_164' title='bbox 886 2781 1045 2842; x_wconf 91' lang='lat' dir='ltr'><strong>ambitiosi</strong></span> <span class='ocrx_word' id='word_1_165' title='bbox 1072 2786 1155 2856; x_wconf 89' lang='lat' dir='ltr'><strong>suut,</strong></span> <span class='ocrx_word' id='word_1_166' title='bbox 1180 2787 1257 2842; x_wconf 89' lang='lat' dir='ltr'><strong>tam·</strong></span> 
     </span>
     <span class='ocr_line' id='line_1_26' title="bbox 255 2886 1257 2968; baseline -0.003 -18"><span class='ocrx_word' id='word_1_167' title='bbox 255 2909 346 2968; x_wconf 91' lang='lat' dir='ltr'><strong>quam</strong></span> <span class='ocrx_word' id='word_1_168' title='bbox 364 2890 513 2968; x_wconf 90' lang='lat' dir='ltr'><strong>perhanc</strong></span> <span class='ocrx_word' id='word_1_169' title='bbox 528 2888 659 2966; x_wconf 84' lang='lat' dir='ltr'><strong>gloriam</strong></span> <span class='ocrx_word' id='word_1_170' title='bbox 674 2887 835 2963; x_wconf 88' lang='lat' dir='ltr'><strong>sauguinis</strong></span> <span class='ocrx_word' id='word_1_171' title='bbox 847 2905 866 2946; x_wconf 94' lang='lat' dir='ltr'><strong>a</strong></span> <span class='ocrx_word' id='word_1_172' title='bbox 877 2886 1084 2948; x_wconf 86' lang='lat' dir='ltr'><strong>similitudine</strong></span> <span class='ocrx_word' id='word_1_173' title='bbox 1095 2893 1127 2947; x_wconf 91' lang='lat' dir='ltr'><strong>et</strong></span> <span class='ocrx_word' id='word_1_174' title='bbox 1141 2887 1257 2947; x_wconf 91' lang='lat' dir='ltr'><strong>inertia</strong></span> 
     </span>
     <span class='ocr_line' id='line_1_27' title="bbox 255 2991 1256 3072; baseline -0.004 -16"><span class='ocrx_word' id='word_1_175' title='bbox 255 2995 417 3056; x_wconf 88' lang='lat' dir='ltr'><strong>Gallorum</strong></span> <span class='ocrx_word' id='word_1_176' title='bbox 440 2999 631 3072; x_wconf 87' lang='lat' dir='ltr'><strong>separentur.</strong></span> <span class='ocrx_word' id='word_1_177' title='bbox 680 2993 788 3070; x_wconf 90' lang='lat' dir='ltr'><strong>Ipsam</strong></span> <span class='ocrx_word' id='word_1_178' title='bbox 809 2991 915 3051; x_wconf 86' lang='lat' dir='ltr'><strong>Rheni</strong></span> <span class='ocrx_word' id='word_1_179' title='bbox 937 2991 1037 3069; x_wconf 92' lang='lat' dir='ltr'><strong>ripam</strong></span> <span class='ocrx_word' id='word_1_180' title='bbox 1056 2991 1141 3052; x_wconf 91' lang='lat' dir='ltr'><strong>haud</strong></span> <span class='ocrx_word' id='word_1_181' title='bbox 1161 2992 1256 3053; x_wconf 90' lang='lat' dir='ltr'><strong>dubie</strong></span> 
     </span>
     <span class='ocr_line' id='line_1_28' title="bbox 255 3083 1253 3176; baseline -0.004 -16"><span class='ocrx_word' id='word_1_182' title='bbox 255 3101 481 3162; x_wconf 89' lang='lat' dir='ltr'><strong>Germanorum</strong></span> <span class='ocrx_word' id='word_1_183' title='bbox 495 3097 604 3176; x_wconf 93' lang='lat' dir='ltr'><strong>populi</strong></span> <span class='ocrx_word' id='word_1_184' title='bbox 619 3097 735 3172; x_wconf 87' lang='lat' dir='ltr'><strong>colunt,</strong></span> <span class='ocrx_word' id='word_1_185' title='bbox 747 3096 935 3173; x_wconf 79' lang='lat' dir='ltr'><strong>Vangiones,</strong></span> <span class='ocrx_word' id='word_1_186' title='bbox 947 3083 1082 3171; x_wconf 74' lang='lat' dir='ltr'><strong>Triuici,</strong></span> <span class='ocrx_word' id='word_1_187' title='bbox 1096 3097 1253 3158; x_wconf 80' lang='lat' dir='ltr'><strong>Nemetes.</strong></span> 
     </span>
     <span class='ocr_line' id='line_1_29' title="bbox 253 3195 1255 3281; baseline -0.005 -16"><span class='ocrx_word' id='word_1_188' title='bbox 253 3205 285 3265; x_wconf 87' lang='lat' dir='ltr'>N</span> <span class='ocrx_word' id='word_1_189' title='bbox 286 3224 303 3264; x_wconf 88' lang='lat' dir='ltr'><strong>e</strong></span> <span class='ocrx_word' id='word_1_190' title='bbox 319 3195 396 3266; x_wconf 78' lang='lat' dir='ltr'><strong>Ubii</strong></span> <span class='ocrx_word' id='word_1_191' title='bbox 411 3203 546 3281; x_wconf 91' lang='lat' dir='ltr'><strong>quidem,</strong></span> <span class='ocrx_word' id='word_1_192' title='bbox 562 3221 750 3280; x_wconf 89' lang='lat' dir='ltr'><strong>quamquam</strong></span> <span class='ocrx_word' id='word_1_193' title='bbox 765 3202 907 3261; x_wconf 87' lang='lat' dir='ltr'><strong>Romana</strong></span> <span class='ocrx_word' id='word_1_194' title='bbox 921 3200 1043 3260; x_wconf 90' lang='lat' dir='ltr'><strong>colonia</strong></span> <span class='ocrx_word' id='word_1_195' title='bbox 1057 3219 1124 3261; x_wconf 89' lang='lat' dir='ltr'><strong>esse</strong></span> <span class='ocrx_word' id='word_1_196' title='bbox 1139 3220 1255 3261; x_wconf 86' lang='lat' dir='ltr'><strong>merue-</strong></span> 
     </span>
    </p>

    <p class='ocr_par' dir='ltr' id='par_1_9' title="bbox 211 3305 1255 3595">
     <span class='ocr_line' id='line_1_30' title="bbox 211 3305 1254 3385; baseline -0.005 -13"><span class='ocrx_word' id='word_1_197' title='bbox 211 3327 240 3373; x_wconf 77' lang='lat'><strong>25</strong></span> <span class='ocrx_word' id='word_1_198' title='bbox 254 3310 319 3370; x_wconf 90' lang='lat' dir='ltr'><strong>rint</strong></span> <span class='ocrx_word' id='word_1_199' title='bbox 347 3329 383 3370; x_wconf 93' lang='lat' dir='ltr'><strong>ac</strong></span> <span class='ocrx_word' id='word_1_200' title='bbox 410 3308 559 3369; x_wconf 89' lang='lat' dir='ltr'><strong>libentius</strong></span> <span class='ocrx_word' id='word_1_201' title='bbox 576 3307 836 3385; x_wconf 83' lang='lat' dir='ltr'><strong>¹Agrippinenses</strong></span> <span class='ocrx_word' id='word_1_202' title='bbox 861 3306 1031 3366; x_wconf 89' lang='lat' dir='ltr'><strong>conditoris</strong></span> <span class='ocrx_word' id='word_1_203' title='bbox 1056 3305 1105 3366; x_wconf 93' lang='lat' dir='ltr'><strong>sui</strong></span> <span class='ocrx_word' id='word_1_204' title='bbox 1130 3306 1254 3367; x_wconf 90' lang='lat' dir='ltr'><strong>nomine</strong></span> 
     </span>
     <span class='ocr_line' id='line_1_31' title="bbox 253 3411 1255 3490; baseline -0.006 -14"><span class='ocrx_word' id='word_1_205' title='bbox 253 3420 412 3490; x_wconf 86' lang='lat' dir='ltr'><strong>vocentur,</strong></span> <span class='ocrx_word' id='word_1_206' title='bbox 428 3413 548 3490; x_wconf 91' lang='lat' dir='ltr'><strong>origiue</strong></span> <span class='ocrx_word' id='word_1_207' title='bbox 570 3413 764 3485; x_wconf 90' lang='lat' dir='ltr'><strong>erubescunt,</strong></span> <span class='ocrx_word' id='word_1_208' title='bbox 779 3411 966 3486; x_wconf 86' lang='lat' dir='ltr'><strong>transgressi</strong></span> <span class='ocrx_word' id='word_1_209' title='bbox 988 3411 1063 3470; x_wconf 92' lang='lat' dir='ltr'><strong>olim</strong></span> <span class='ocrx_word' id='word_1_210' title='bbox 1084 3415 1117 3470; x_wconf 92' lang='lat' dir='ltr'><strong>et</strong></span> <span class='ocrx_word' id='word_1_211' title='bbox 1138 3412 1255 3490; x_wconf 85' lang='lat' dir='ltr'><strong>experi-</strong></span> 
     </span>
     <span class='ocr_line' id='line_1_32' title="bbox 253 3515 1253 3595; baseline -0.003 -15"><span class='ocrx_word' id='word_1_212' title='bbox 253 3525 360 3580; x_wconf 70' lang='lat' dir='ltr'><strong>mento</strong></span> <span class='ocrx_word' id='word_1_213' title='bbox 387 3519 463 3580; x_wconf 89' lang='lat' dir='ltr'><strong>fidei</strong></span> <span class='ocrx_word' id='word_1_214' title='bbox 498 3537 590 3595; x_wconf 92' lang='lat' dir='ltr'><strong>super</strong></span> <span class='ocrx_word' id='word_1_215' title='bbox 624 3517 724 3593; x_wconf 90' lang='lat' dir='ltr'><strong>ipsam</strong></span> <span class='ocrx_word' id='word_1_216' title='bbox 750 3515 854 3574; x_wconf 86' lang='lat' dir='ltr'><strong>Rheni</strong></span> <span class='ocrx_word' id='word_1_217' title='bbox 891 3516 992 3593; x_wconf 92' lang='lat' dir='ltr'><strong>ripam</strong></span> <span class='ocrx_word' id='word_1_218' title='bbox 1021 3515 1185 3594; x_wconf 83' lang='lat' dir='ltr'><strong>conlocati,</strong></span> <span class='ocrx_word' id='word_1_219' title='bbox 1217 3523 1253 3578; x_wconf 89' lang='lat' dir='ltr'><strong>ut</strong></span> 
     </span>
    </p>

    <p class='ocr_par' dir='ltr' id='par_1_10' title="bbox 324 3619 803 3703">
     <span class='ocr_line' id='line_1_33' title="bbox 324 3619 803 3703; baseline 0 -21"><span class='ocrx_word' id='word_1_220' title='bbox 324 3630 402 3703; x_wconf 82' lang='lat' dir='ltr'><strong>rent,</strong></span> <span class='ocrx_word' id='word_1_221' title='bbox 423 3642 487 3684; x_wconf 91' lang='lat' dir='ltr'><strong>non</strong></span> <span class='ocrx_word' id='word_1_222' title='bbox 507 3629 543 3684; x_wconf 91' lang='lat' dir='ltr'><strong>ut</strong></span> <span class='ocrx_word' id='word_1_223' title='bbox 563 3619 803 3682; x_wconf 82' lang='lat' dir='ltr'><strong>custodirentur.</strong></span> 
     </span>
    </p>
   </div>
   <div class='ocr_carea' id='block_1_6' title="bbox 0 0 1444 4148">
    <p class='ocr_par' dir='ltr' id='par_1_11' title="bbox 0 0 1444 4148">
     <span class='ocr_line' id='line_1_34' title="bbox 0 0 1444 4148; baseline 0 3"><span class='ocrx_word' id='word_1_224' title='bbox 0 0 1444 4148; x_wconf 95' lang='lat' dir='ltr'><strong> </strong></span> 
     </span>
    </p>
   </div>
  </div>
 </body>
</html>
