2880 4148
270 218 312 282 40
584 227 613 277 1.
640 215 814 280 0011111111
837 226 962 280 110111

269 407 302 462 et
323 388 452 481 raptus!
482 402 550 461 Nec
571 390 660 462 arare
680 407 796 462 terram
815 390 870 462 aut
891 389 1054 480 expectare
1073 393 1190 463 annum
1207 409 1272 465 tam

269 509 363 568 facile
378 507 569 586 persuaseris
584 527 678 584 quam
692 526 802 567 vocare
819 508 942 567 hostem
959 513 991 568 et
1005 508 1136 569 vulnera
1150 511 1271 571 mereri.

269 615 399 689 Pigrum
427 613 505 691 quin
526 613 628 672 ,11111110
656 618 687 672 et
715 611 799 673 iners
822 613 947 672 videtur
975 613 1087 675 sudore
1108 615 1272 693 adquirere

269 720 353 797 quod
366 719 467 796 possis
482 717 634 794 sanguine
648 735 766 795 parare.

240 822 256 879 5'
309 824 356 885 15.
386 823 536 894 Quotiens
562 821 644 883 bella
665 842 728 882 non
752 823 872 899 ineunt,
898 822 994 906 [non]
1022 823 1157 884 multum
1181 845 1272 888 vena·

267 930 361 1005 tibus,
379 928 451 1007 plus
472 946 528 1006 per
549 927 646 987 otium
670 928 859 1004 transigunt,
882 929 980 988 dediti
1002 948 1110 990 somno
1131 932 1269 1010 ciboque.

268 1021 472 1095 Fortissimus
490 1032 622 1110 quisque
638 1051 673 1092 ac
693 1032 949 1110 bellicosissimus
967 1033 1048 1093 nihil
1066 1053 1170 1112 agens,
1191 1038 1272 1097 dele-

268 1145 341 1215 gata
362 1140 472 1199 domus
493 1143 525 1197 et
550 1138 711 1216 penatium
736 1144 768 1198 et
790 1157 933 1214 agrorum
952 1152 1027 1200 cura
1045 1131 1172 1202 feminis
1192 1143 1271 1203 seni-

267 1246 387 1322 busque
406 1250 437 1303 et
459 1243 674 1302 infirmissimo
694 1243 807 1320 cuique
828 1262 867 1302 ex
887 1245 1027 1320 familia;
1060 1246 1122 1324 ipsi
1143 1247 1268 1319 hebent,

226 1362 255 1406 10
268 1333 348 1409 mira
372 1335 555 1409 diversitate
576 1353 716 1423 naturae,
738 1367 809 1407 cum
830 1349 912 1408 idem
935 1349 1077 1410 homines
1098 1351 1143 1411 sic
1164 1360 1270 1413 ament

267 1454 411 1513 inertiam
435 1459 467 1512 et
487 1453 611 1512 oderint
631 1453 779 1530 quietern.
822 1455 892 1514 Mos
913 1459 962 1514 est
982 1454 1165 1517 civitatibus
1185 1457 1270 1517 ultro

267 1565 303 1620 a'e
321 1559 440 1618 viritim
461 1558 602 1617 conferre
621 1557 817 1635 principibus
839 1558 889 1617 vel
908 1565 1118 1620 armentorum
1138 1561 1270 1622 11011111-

267 1657 349 1741 gum,
373 1664 458 1742 quod
485 1682 541 1741 pro
569 1663 685 1722 honore
713 1655 999 1740 0000111111110110111
1028 1667 1268 1729 necessitatibus

267 1771 421 1832 subvenit.
461 1770 609 1830 Gaudent
623 1769 788 1847 praecipue
803 1768 1006 1829 finitimarum
1022 1772 1163 1846 gentium
1175 1773 1268 1835 donis

225 1891 253 1937 15
267 1883 345 1954 quae
373 1894 436 1935 non
463 1874 556 1934 modo
584 1892 603 1933 a
629 1874 772 1950 singulis,
801 1874 856 1934 sed
884 1880 916 1935 et
943 1875 1067 1953 publice
1088 1877 1268 1955 mittuntur,

266 1981 358 2042 electi
382 1980 464 2070 equi,
486 1997 598 2055 magna
622 1997 717 2054 arma,
742 1979 888 2057 phalerae
915 1985 1122 2060 torquesquc3
1152 1983 1269 2044 iamet

266 2087 430 2166 pecuniam
445 2085 584 2163 accipere
599 2084 769 2146 docuimus.

562 2271 672 2321 Privato
690 2271 751 2334 Lzye
767 2272 824 2322 aad
842 2270 973 2322 Oustoms.

307 2396 353 2458 16.
382 2395 497 2456 Nullas
519 2395 746 2456 Germanorum
773 2395 898 2473 populls
923 2395 1009 2457 urbis
1031 2391 1168 2459 habitari
1189 2400 1267 2462 satis

265 2491 374 2563 notum
390 2507 447 2577 est,
462 2519 501 2560 ne
515 2501 582 2579 pati
597 2501 723 2578 quidem
738 2501 820 2560 inter
835 2501 1004 2563 seiunctas
1020 2503 1112 2564 sedis.
1151 2505 1268 2566 Colunt

223 2619 253 2664 ac
267 2597 393 2668 discreti
408 2625 443 2666 ac
458 2605 584 2681 diversi,
599 2611 635 2664 ut
656 2605 737 2680 fons,
752 2612 788 2666 ut
808 2623 946 2686 campus,
961 2613 997 2668 ut
1013 2626 1122 2669 nemus
1136 2609 1265 2688 placuit.

265 2715 359 2775 Vicos
374 2713 477 2772 locant
491 2731 553 2772 non
569 2711 602 2769 in
620 2716 761 2770 nostrum
782 2706 898 2770 morem
920 2713 1045 2774 conexis
1060 2719 1092 2774 ct
1106 2715 1269 2775 cohaeren-

265 2820 350 2879 tibus
371 2817 539 2877 aediliciis:
563 2835 650 2876 suam
672 2816 805 2893 quisque
821 2816 947 2876 domum
967 2815 1070 2896 spatio
1084 2819 1265 2896 circumdat,

266 2925 332 2985 sive
355 2924 503 2983 adversus
521 2940 610 2981 casus
632 2921 714 2996 ignis
735 2921 906 2981 remedium
929 2922 995 2983 sive
1016 2923 1143 2984 inscitia
1162 2925 1268 2985 aedifi-

265 3029 365 3088 candi.
407 3029 457 3086 Ne
478 3025 707 3086 caementorum
726 3027 853 3103 quidem
878 3027 962 3105 apud
983 3026 1054 3089 illos
1076 3035 1132 3089 aut
1149 3031 1268 3108 tegula-

222 3147 252 3191 ‘25
265 3153 333 3192 rum
359 3153 449 3193 usus:
472 3127 604 3212 materia
631 3131 671 3190 ad
698 3129 803 3191 omnia
829 3137 963 3192 utuntur
986 3131 1115 3193 informi
1133 3140 1166 3194 et
1186 3136 1268 3198 citra

266 3239 400 3317 speciem
428 3243 482 3296 aut
510 3233 772 3295 delectationem:
799 3237 959 3308 Quaedam
986 3237 1054 3300 loca
1081 3239 1266 3316 diligentius

265 3345 405 3403 inlinunt
425 3348 509 3402 terra
529 3343 574 3401 ita
598 3361 677 3419 pura
700 3361 734 3401 ac
754 3342 946 3419 splendente,
971 3349 1007 3404 ut
1030 3344 1185 3423 picturam
1210 3352 1267 3408 aut

262 3449 454 3508 lineamenta
480 3450 617 3509 colorum
645 3450 796 3508 imitetur.
850 3448 959 3508 Solent
985 3455 1017 3509 et
1045 3451 1265 3513 subterraneos

265 3571 374 3629 specus
396 3550 516 3626 aperire
538 3568 651 3626 eosque
676 3551 775 3610 multo
800 3551 929 3631 insuper
952 3553 1025 3614 fimo
1042 3561 1181 3631 onerant,
1202 3557 1268 3616 suf-

222 3656 387 3733 30fugium
415 3654 511 3713 hiemi
539 3647 570 3713 et
598 3655 828 3733 receptaculum
854 3657 1008 3736 frugibus,
1030 3660 1106 3739 quia
1128 3661 1265 3739 rigorem
