2880 4148
494 727 534 798 P.
566 726 806 801 CORNELII
841 726 1011 802 ΤΑΟΙΤΙ

423 931 532 1024 nn
595 903 1122 1026 anundum

677 1151 829 1218 LIBER.

398 1352 421 1407 Ι.
458 1351 610 1408 Gnunusn
629 1352 845 1408 Dnsorrrrrou.
884 1352 1001 1425 (Chaps.
1016 1353 1108 1426 1-27.)

565 1505 736 1556 Bouudcmes
753 1506 786 1569 os
799 1505 942 1568 Germana.

294 1638 320 1698 1.
351 1637 520 1700 Germania
543 1637 644 1696 omnis
665 1656 684 1696 a
708 1637 811 1698 Gallis
834 1637 1004 1714 Raetisque
1027 1643 1059 1698 ct
1080 1639 1254 1700 Pannoniis

253 1744 366 1807 Rheno
380 1749 411 1803 et
425 1742 570 1802 Danuvio
581 1741 772 1817 fluminibus,
784 1761 803 1802 a
814 1743 965 1804 Sarmatis
976 1743 1134 1822 Dacisque
1144 1750 1253 1804 mutuo

253 1855 340 1908 metu
367 1854 422 1908 aut
449 1847 606 1906 montibus
635 1852 814 1924 separatur:
845 1854 949 1907 cetera
976 1848 1117 1909 Oceanus
1145 1849 1252 1925 ambit,

254 1955 335 2015 latos
364 1954 451 2014 sinus
479 1958 510 2012 et
537 1951 711 2012 insularum
736 1952 879 2012 inmensa
903 1953 1006 2030 spatia
1034 1953 1253 2032 complectens

225 2073 353 2137 tnuper
383 2057 516 2134 cognitis
548 2057 735 2134 quibusdam
765 2057 909 2135 gentibus
944 2077 979 2118 ac
1014 2058 1148 2135 regibus,
1176 2078 1254 2137 quos

254 2165 372 2226 bellum
394 2163 524 2241 aperuit.
567 2163 706 2238 Rhenus,
722 2163 924 2222 Raeticarum
944 2163 1075 2240 Alpium
1097 2163 1254 2225 inaccesso

254 2290 290 2331 ac
310 2269 476 2348 praecipiti
496 2268 613 2327 vertice
627 2274 723 2342 ortus,
752 2268 874 2327 modico
898 2267 982 2326 flexu
1005 2268 1040 2326 in
1062 2269 1254 2329 occidentem

254 2395 363 2436 versus
383 2373 621 2452 septentrionali
638 2373 761 2434 Oceano
780 2373 936 2432 miscetur.
980 2373 1145 2435 Danuvius
1167 2374 1254 2434 molli

193 2547 195 2550 ,
255 2488 287 2541 et
309 2482 476 2541 clementer
501 2479 587 2538 edito
610 2477 727 2538 montis
749 2477 899 2538 Abnobae
921 2477 994 2554 iugo
1015 2479 1133 2540 effusus
1155 2479 1255 2558 pluris

214 2603 243 2648 10
255 2586 386 2665 populos
401 2585 476 2659 adit,
488 2585 585 2644 donec
601 2583 634 2642 in
645 2583 811 2643 Ponticum
825 2602 911 2643 mare
922 2602 978 2644 sex
988 2583 1143 2654 meatibus
1158 2603 1256 2645 erum·

223 2723 224 2728 1
255 2698 327 2772 pat:
350 2690 518 2769 septimum
532 2709 566 2749 os
580 2689 748 2768 paludibus
763 2688 914 2748 hauritur.

673 2875 833 2938 Ettuolopy.

295 3009 323 3071 2.
353 3010 445 3088 Ipsos
470 3009 642 3070 Germanos
666 3006 831 3084 indigenas
855 3007 1040 3068 crediderim
1065 3008 1255 3088 minimeque

255 3117 387 3177 aliarum
403 3114 543 3190 gentium
559 3111 744 3173 adventibus
759 3119 791 3172 et
804 3112 952 3191 hospitiis
970 3113 1095 3190 mixtos,
1111 3115 1186 3192 quia
1199 3133 1255 3174 nec

255 3227 340 3282 terra
358 3220 442 3294 olim,
458 3219 513 3279 sed
528 3218 681 3279 classibus
698 3217 933 3278 advehebantur
953 3218 1008 3296 qui
1027 3226 1148 3280 mutare
1166 3221 1255 3281 sedes

214 3337 242 3382 15
256 3327 455 3405 quaerebant,
468 3329 500 3384 et
513 3323 674 3384 inmensus
688 3323 773 3383 ultra
787 3329 883 3400 utque
898 3323 943 3384 sic
958 3324 1091 3383 dixerim
1106 3325 1256 3386 adversus

256 3433 398 3494 Oceanus
412 3429 491 3490 raris
506 3429 545 3489 ab
559 3429 632 3489 orbe
646 3434 753 3489 nostro
767 3428 898 3490 navibus
914 3428 1027 3489 aditur.
1064 3429 1139 3501 Quis
1155 3449 1254 3507 porro,

255 3543 380 3618 praeter
395 3535 567 3615 periculum
582 3534 701 3594 horridi
716 3539 748 3594 et
763 3534 862 3611 ignoti
874 3534 978 3608 maris,
991 3534 1069 3594 Asia
1080 3541 1134 3594 aut
1145 3535 1256 3596 Africa

256 3650 312 3710 aut
333 3642 430 3706 Italia
450 3640 561 3704 relicta
582 3639 784 3700 Germaniam
804 3645 934 3717 peteret,
957 3640 1123 3704 informem
1152 3641 1254 3713 terris,

740 3744 772 3798 32
