2880 4148
263 221 304 284 20
574 230 604 280 r.
630 229 804 282 cornuin
826 228 951 280 rncrrr

261 404 400 482 locuples
417 403 518 464 hostis
535 407 591 478 est,
607 402 712 478 avari,
736 403 763 462 si
784 420 910 480 pauper,
925 399 1093 477 ambitiosi,
1108 420 1186 478 quos
1200 420 1263 460 non

262 510 382 584 Oriens,
397 528 460 568 non
474 508 627 569 Occidens
642 507 823 568 satiaverit:
850 507 908 566 soli
926 506 1063 566 omnium
1079 525 1153 584 opes
1168 511 1263 583 atque

261 615 399 693 inopiam
424 614 493 692 pari
517 614 645 673 adiectu
668 612 900 690 concupiscunt.
952 612 1088 670 Auferre
1105 610 1263 671 trucidare

261 738 369 798 rapere
383 719 475 780 falsis
489 718 667 778 nominibus
682 717 858 796 imperium,
873 723 968 794 atque
982 717 1037 777 ubi
1059 715 1262 777 solitudinem

233 825 393 900 cfaciunt,
408 843 516 903 pacem
531 823 711 901 adpellant!

301 930 349 990 31.
380 929 526 990 ‘Liberos
541 929 652 1006 cuique
669 947 705 988 ac
721 928 913 1006 propinquos
929 947 1000 988 suos
1015 933 1129 986 natura
1141 926 1262 986 carissi·

262 1055 328 1095 mos
339 1054 407 1095 esse
418 1034 534 1094 voluit:
549 1034 583 1093 hi
594 1052 650 1111 per
661 1033 794 1093 dilectus
808 1033 884 1093 alibi
896 1032 1044 1093 servituri
1060 1032 1261 1091 auferuntur:

262 1139 407 1215 coniuges
423 1157 604 1216 sororesque
619 1139 714 1198 etiam
725 1139 753 1199 si
764 1138 912 1198 hostilem
923 1137 1088 1197 libidinem
1100 1136 1261 1212 effugiant,

261 1245 387 1304 nomine
415 1244 582 1304 amicorum
614 1250 708 1320 atque
738 1243 899 1320 hospitum
929 1242 1122 1321 polluuntur.
1175 1243 1264 1302 Bona

220 1360 249 1406 10
261 1351 468 1427 fortunaeque
492 1349 527 1407 in
550 1348 713 1422 tributum,
735 1367 809 1424 ager
833 1353 927 1425 atque
952 1366 1052 1407 annus
1073 1347 1107 1406 in
1127 1347 1264 1406 frumen-

262 1461 338 1528 tum,
358 1472 487 1531 eorpora
509 1453 579 1530 ipsa
599 1471 634 1512 ac
655 1471 766 1513 manus
788 1452 879 1513 silvis
901 1471 936 1512 ac
957 1451 1126 1530 paludibus
1147 1425 1265 1516 emuni-

262 1559 351 1618 endis
374 1559 456 1617 inter
477 1558 606 1617 verbera
631 1576 666 1617 ac
691 1557 896 1618 contumelias
924 1562 1136 1617 conteruntur.
1178 1557 1265 1616 Nata

262 1663 408 1724 servituti
427 1663 584 1740 mancipia
603 1662 699 1722 semel
713 1668 859 1738 veneunt,
876 1668 969 1740 atque
989 1661 1072 1721 ultro
1091 1680 1110 1721 a
1127 1661 1263 1722 dominis

262 1769 405 1828 aluntur:
428 1767 595 1827 Britannia
608 1767 792 1826 servitutem
812 1786 900 1827 suam
917 1767 1033 1826 cotidie
1047 1765 1133 1841 emit,
1148 1765 1263 1826 cotidie

222 1888 249 1932 15
263 1873 371 1950 pascit.
411 1873 458 1932 Ac
478 1872 560 1932 sicut
578 1871 612 1930 in
627 1871 751 1932 familia
765 1871 998 1932 recentissimus
1016 1871 1150 1949 quisque
1164 1889 1265 1932 servo

262 1998 330 2036 rum
343 1978 437 2038 etiarn
449 1977 607 2037 conservis
618 1977 755 2036 ludibrio
766 1982 823 2052 est,
836 1977 880 2037 sic
894 1977 928 2036 in
942 1978 1001 2036 hoc
1015 1975 1099 2036 orbis
1110 1981 1263 2036 terrarum

263 2089 367 2143 vetere
382 2083 538 2142 famulatu
559 2082 633 2142 novi
654 2102 711 2142 nos
729 2087 761 2141 et
779 2082 859 2142 viles
873 2082 908 2141 in
927 2081 1085 2141 excidium
1107 2081 1259 2159 patimur3

262 2208 363 2265 neque
378 2188 460 2246 enirn
476 2207 550 2248 arva
565 2187 654 2248 nobis
666 2193 721 2247 aut
732 2187 860 2247 metalla
870 2193 925 2248 aut
935 2192 1044 2265 portus
1056 2193 1139 2261 sunt,
1151 2186 1264 2264 quibus

262 2293 444 2353 exercendis
462 2311 663 2353 reservemur.
699 2292 809 2352 Virtus
830 2311 922 2370 porro
937 2311 972 2352 ac
986 2292 1103 2352 ferocia
1114 2291 1264 2352 subiecto

219 2413 249 2458 ao
261 2419 332 2458 rum
351 2399 476 2474 ingrata
496 2397 740 2475 imperantibus3
765 2403 798 2457 et
818 2397 1032 2475 longinquitas
1054 2416 1089 2458 ac
1111 2401 1263 2458 secretum

261 2505 365 2581 ipsum
383 2522 444 2580 quo
463 2503 572 2577 tutius,
588 2521 624 2562 eo
644 2502 826 2580 suspectius.
871 2503 923 2562 Ita
943 2503 1067 2563 sublata
1084 2521 1139 2580 spe
1154 2501 1264 2562 veniae

262 2609 389 2668 tandem
411 2608 524 2667 sumite
545 2607 693 2681 animum,
708 2612 774 2666 tam
796 2607 909 2684 quibus
927 2607 1012 2668 salus
1033 2627 1127 2686 quam
1149 2607 1263 2685 quibus

262 2713 362 2788 gloria
389 2712 550 2772 carissima
577 2717 632 2771 cst.
686 2711 853 2788 Brigantes
880 2712 1001 2772 femina
1028 2713 1106 2772 duce
1134 2731 1263 2772 exurere

261 2817 424 2892 coloniam,
440 2811 618 2894 expugnare
633 2822 744 2892 castra,
760 2835 796 2877 ac
812 2817 874 2878 nisi
889 2817 1027 2878 felicitas
1041 2817 1075 2876 in
1090 2817 1262 2878 socordiam

218 2941 247 2986 as
261 2923 418 2997 vertisset,
433 2940 546 2981 exuere
563 2921 671 2998 iugum
691 2927 837 2999 potuero:
860 2941 917 2982 nos
937 2921 1053 2997 integri
1070 2927 1103 2981 et
1116 2922 1262 2981 indomiti

261 3035 293 3090 et
312 3029 346 3088 in
364 3029 552 3103 libertatem,
567 3046 630 3087 non
644 3026 678 3086 in
692 3027 918 3104 paenitentiam
936 3045 1023 3087 arma
1040 3027 1145 3102 laturi,
1160 3027 1263 3116 primo

262 3135 369 3195 statim
390 3152 559 3210 congressu
580 3133 789 3209 ostendamus,
810 3149 887 3210 quos
909 3132 969 3193 sibi
991 3131 1161 3192 Caledonia
1176 3130 1261 3192 viros

262 3239 454 3318 seposuerit!

301 3344 349 3405 ³2.
377 3345 445 3404 ‘An
465 3345 597 3405 eandem
618 3343 769 3404 Romanis
790 3344 824 3403 in
844 3343 927 3404 bello
945 3343 1095 3403 virtutem
1114 3361 1209 3421 quam
1227 3342 1261 3402 in

218 3469 248 3515 30
261 3468 336 3528 pace
353 3450 515 3510 lasciviam
531 3450 639 3510 adesse
654 3449 809 3510 creditis?
850 3449 976 3510 Nostris
996 3448 1045 3507 illi
1062 3446 1262 3509 dissensioni·

260 3557 318 3617 bus
334 3574 368 3616 aa
383 3555 548 3616 discordiis
562 3555 639 3615 clari
654 3555 733 3614 vitia
749 3554 885 3615 hostium
905 3555 938 3613 in
956 3553 1087 3629 gloriam
1105 3553 1261 3614 exercitus

261 3661 310 3722 sui
324 3666 469 3737 vertunt3
491 3681 584 3739 quom
603 3665 798 3721 contractum
818 3678 856 3719 ex
876 3657 1099 3719 diversissimis
1115 3657 1261 3738 gentibus
