2880 4148
263 198 304 261 16
573 206 602 255 r.
623 205 798 256 connnnu
820 205 946 256 rncrrr

262 401 315 441 sus
330 381 452 456 ignotas
464 379 505 439 ad
519 379 553 440 id
567 383 690 455 tempus
706 377 808 453 gentis
819 377 936 438 crebris
952 377 1046 437 simul
1061 396 1096 438 ac
1107 379 1264 457 prosperis

261 486 389 564 proeliis
411 484 548 558 domuit,
571 501 701 560 eamque
722 488 844 560 partem
860 483 1043 542 Britanniae
1058 501 1138 561 quae
1153 484 1265 543 Hiber-

262 591 347 650 niam
362 588 496 666 adspicit
509 588 608 666 copiis
634 589 794 664 instruxit,
817 589 851 647 in
875 607 963 666 spem
985 589 1084 664 magis
1107 609 1201 667 quam
1225 591 1265 650 ob

261 696 471 769 formidinem,
487 694 514 754 si
528 695 656 772 quidem
673 694 829 754 Hibernia
849 693 952 753 medio
968 694 1052 753 inter
1066 694 1264 754 Britanniam

234 807 356 878 satque
370 800 560 878 Hispaniam
581 799 643 859 sita
663 805 695 858 et
717 799 839 860 Gallico
855 817 978 877 quoque
995 799 1075 859 mari
1090 805 1266 878 opportuna

261 905 510 966 valentissimam
535 905 659 982 imperii
684 911 806 982 partem
831 905 953 980 magnis
974 903 1009 962 in
1030 905 1130 964 vicem
1154 905 1264 965 usibus

262 1011 429 1071 miscuerit.
473 1010 617 1088 Spatium
637 1010 714 1085 eius,
737 1010 764 1070 si
786 1009 969 1070 Britanniae
987 1016 1194 1089 comparetur,
1214 1027 1265 1070 an-

263 1117 393 1192 gustius,
411 1116 511 1176 nostri
529 1115 624 1175 maris
642 1115 762 1175 insulas
780 1121 916 1193 superat.
961 1115 1067 1176 Solum
1082 1115 1264 1194 caelumque

263 1229 294 1282 et
308 1221 434 1297 ingenia
448 1221 613 1298 cultusque
633 1221 796 1279 hominum
817 1221 901 1280 haud
918 1221 1052 1281 multum
1067 1240 1086 1280 a
1099 1221 1265 1281 Britannia

221 1337 249 1382 10
263 1328 413 1386 differunt
429 1327 479 1406 [in
493 1326 633 1407 melius]¹
683 1325 800 1385 Aditus
815 1331 985 1403 portusque
1004 1345 1060 1404 per
1092 1325 1266 1386 conmercia

263 1440 294 1492 et
325 1432 534 1507 negotiatores
564 1431 688 1506 cogniti.
740 1430 888 1506 Agricola
916 1431 1081 1508 expulsum
1112 1430 1265 1491 seditione

262 1538 433 1598 domestica
455 1557 552 1596 unum
575 1556 613 1596 ex
638 1537 756 1613 regulis
787 1537 890 1612 gentis
920 1544 1085 1615 exceperat
1105 1555 1142 1597 ac
1162 1537 1265 1615 specie

263 1643 420 1703 amicitiae
445 1643 479 1701 in
498 1643 689 1702 occasionem
714 1641 877 1702 retinebat.
922 1643 1021 1720 Saepe
1045 1661 1084 1701 ex
1103 1661 1139 1702 eo
1158 1641 1265 1702 audivi

263 1749 385 1824 legione
412 1767 476 1807 una
502 1753 534 1806 et
561 1747 692 1807 modicis
720 1747 847 1807 auxiliis
883 1747 1035 1808 debellari
1069 1747 1265 1825 obtinerique

222 1866 250 1911 15
264 1853 449 1913 Hiberniam
464 1871 572 1930 posse3
595 1852 689 1928 idque
707 1851 802 1911 etiam
818 1853 966 1912 adversus
987 1852 1184 1912 Britanniam
1199 1869 1266 1930 pro

263 1960 415 2033 futurum,
438 1957 465 2018 si
486 1959 629 2017 Romana
648 1955 764 2034 ubique
791 1976 878 2017 arma
898 1964 930 2016 et
951 1957 1040 2016 velut
1060 1976 1077 2017 e
1098 1963 1264 2035 conspectu

264 2064 392 2123 libertas
406 2063 579 2122 tolleretur.

303 2168 351 2230 at.
381 2169 525 2229 Ceterum
541 2173 669 2243 aestate,
685 2186 748 2245 qua
762 2172 884 2227 sextum
899 2167 992 2227 officii
1009 2186 1126 2226 annum
1143 2165 1266 2226 incoha-

263 2275 325 2348 bat,
338 2273 499 2350 amplexus
514 2273 660 2332 civitates
674 2278 762 2333 trans
777 2271 960 2332 Bodotriam
975 2272 1061 2347 sitas,
1073 2272 1149 2350 quia
1161 2278 1265 2333 motus

220 2396 251 2442 20
263 2379 480 2438 universarum
494 2377 579 2437 ultra
597 2377 737 2454 gentium
758 2383 790 2436 et
811 2377 930 2437 infesta
948 2377 1092 2438 hostibus
1110 2377 1265 2438 exercitus

263 2484 378 2543 itinera
398 2483 538 2557 timebat,
553 2488 662 2559 portus
684 2482 782 2542 classe
804 2482 995 2560 exploravit;
1017 2501 1097 2560 qnae
1119 2483 1159 2542 ab
1178 2481 1268 2558 Agri-

262 2589 332 2648 cola
358 2588 495 2666 primum
522 2588 690 2665 adsumpta
717 2587 752 2646 in
780 2593 902 2665 partem
930 2587 1045 2646 virium
1079 2587 1267 2666 sequebatur

204 2700 207 2706 '
264 2694 389 2770 egregia
410 2693 521 2770 specie,
536 2711 605 2751 cum
629 2692 722 2753 simul
743 2698 836 2767 terra,
857 2692 949 2752 simul
972 2692 1052 2752 mari
1073 2692 1190 2752 bellurn
1213 2692 1268 2751 im-

190 2840 194 2848 ·
264 2799 443 2878 pelleretur,
472 2817 507 2857 ac
536 2816 627 2875 saepe
655 2797 755 2857 isdem
783 2797 894 2858 castris
927 2799 1022 2876 pedes
1050 2816 1206 2876 equesque
1234 2803 1267 2858 et

222 2923 250 2967 25
264 2905 409 2964 nauticus
428 2903 519 2963 miles
535 2903 628 2962 mixti
644 2882 742 2980 copiis
759 2910 791 2963 et
807 2903 931 2963 laetitia
948 2922 1005 2963 sua
1021 2903 1154 2981 quisque
1172 2903 1265 2977 facta,

265 3030 337 3071 suos
362 3029 452 3070 casus
476 3009 674 3083 adtollerent,
698 3027 733 3068 ac
756 3009 847 3068 modo
875 3009 1026 3069 silvarum
1056 3027 1091 3068 ac
1113 3009 1266 3068 montium

265 3115 430 3193 profunda,
447 3115 537 3173 modo
556 3119 779 3191 tempestatum
802 3133 837 3173 ac
859 3113 1011 3174 fluctuum
1033 3115 1172 3188 adversa,
1192 3113 1267 3172 hinc

265 3228 349 3281 terra
373 3226 405 3280 et
433 3220 544 3295 hostis,
565 3219 639 3279 hinc
661 3219 763 3280 victus
793 3220 934 3281 Oceanus
964 3220 1095 3280 militari
1116 3218 1268 3280 iactantia

265 3331 526 3403 compararentur.
570 3325 738 3385 Britannos
758 3345 889 3403 quoque,
911 3331 946 3385 ut
968 3344 1007 3384 ex
1027 3325 1161 3404 captivis
1183 3323 1268 3384 audi-

222 3445 252 3491 30
265 3431 383 3506 ebatur,
412 3431 481 3491 visa
514 3431 624 3491 classis
659 3429 936 3508 obstupefaciebat
964 3436 1124 3508 tamquam
1157 3433 1267 3509 aperto

266 3537 360 3597 maris
383 3537 432 3598 sui
453 3541 571 3597 secreto
592 3535 738 3595 ultimum
754 3535 847 3595 victis
864 3535 1042 3613 perfugium
1059 3536 1264 3596 clauderetur.

266 3643 318 3708 Ad
351 3661 461 3707 manus
496 3646 528 3706 et
562 3659 649 3706 arma
682 3639 823 3704 conversi
858 3639 1059 3708 Caledoniam
1093 3641 1266 3707 incolentes
