2880 4148
569 225 774 278 narnium.
1127 219 1169 282 53

168 407 201 459 et
222 400 353 460 Vitones
374 399 556 459 fluminibus
578 407 632 458 aut
653 400 749 460 silvis'
764 400 956 460 muniuntur.
999 403 1066 461 Nec
1088 402 1171 479 quie

169 515 263 582 quam
273 503 411 565 notabile
423 505 455 563 in
467 504 608 580 singulis,
624 503 685 564 nisi
700 505 784 582 quod
799 505 832 564 in
847 525 999 566 conmune
1012 507 1179 583 Nerthum,

169 611 269 676 idest
288 611 416 669 Terram
436 615 576 684 matrem,
592 609 699 669 colunt
718 627 847 687 eamque
867 610 1056 671 intervenire
1078 611 1169 670 rebus

169 715 341 790 hominum,
369 714 477 773 invehi
504 714 629 792 populis
658 714 857 774 arbitrantur.
914 715 973 774 Est
1002 714 1036 773 in
1067 715 1171 775 insula

170 819 286 880 Oceani
316 825 437 880 castum
467 838 587 895 nemus,
619 820 818 898 dicatumque
851 820 885 878 in
917 838 954 878 eo
981 820 1198 895 vehiculum,t

171 931 257 988 reste
274 929 467 1014 conteetum
484 925 646 1000 adtingere
664 925 719 983 uni
739 925 892 986 sacerdoti
913 933 1100 984 conoessum.
1137 926 1170 984 Is

169 1030 279 1090 adesse
293 1029 447 1107 penetrali
459 1030 549 1090 deam
564 1029 722 1105 intellegit
733 1036 915 1108 vectamque
930 1030 1030 1090 bubus
1042 1029 1170 1090 feminis

170 1134 271 1194 multa
294 1154 364 1194 eum
389 1135 589 1195 veneratione
614 1135 822 1213 prosequitur.
879 1135 969 1194 Laeti
994 1141 1068 1194 ωηο
1093 1135 1169 1209 dies,

170 1240 254 1300 festa
282 1239 358 1313 loca,
383 1258 595 1318 quaecumque
623 1241 760 1300 adventu
788 1239 987 1318 hospitioque
1014 1239 1168 1316 dignatur.

169 1343 243 1406 Non
270 1344 355 1405 bella
381 1345 499 1421 ineunt,
528 1364 591 1404 nou
618 1363 706 1406 arma
732 1351 879 1420 sumunt3
912 1345 1053 1406 clausum
1080 1364 1170 1404 omne
1186 1361 1213 1406 1⁰

171 1451 306 1526 ferrum,
335 1469 398 1528 pax
422 1456 454 1510 et
478 1451 568 1528 quies
592 1456 667 1510 ωηο
691 1457 814 1510 tantum
840 1457 923 1525 nota,
948 1457 1023 1510 tuno
1047 1456 1172 1510 tantum

171 1562 283 1630 amata,
298 1555 396 1625 donee
410 1556 493 1615 idem
516 1556 657 1616 sacerdos
678 1556 823 1616 satiatam
843 1555 1078 1616 conversatione
1095 1575 1173 1615 mor-

170 1661 282 1722 talium
304 1661 393 1720 deam
415 1661 532 1739 templo
553 1661 671 1721 reddat.
721 1663 798 1720 Mox
819 1661 997 1722 vehiculum
1022 1667 1054 1721 et
1074 1661 1172 1721 vestis

170 1771 211 1841 et,
230 1766 257 1825 si
281 1766 406 1825 credere
424 1766 513 1841 velis,
531 1785 647 1824 numen
669 1766 771 1844 ipsum
794 1749 912 1826 secreto
932 1767 1003 1826 lacu
1024 1767 1170 1828 abluitur.

172 1871 261 1930 Servi
275 1871 458 1931 ministrent
472 1889 549 1947 quos
565 1871 673 1930 statim
687 1871 771 1930 idem
785 1871 871 1931 lacus
885 1872 1000 1931 haurit.
1030 1871 1172 1931 Arsanus
1187 1890 1213 1934 15

171 1975 244 2035 hinc
269 1982 369 2036 terror
393 1981 563 2058 sanctaque
588 1975 773 2052 ignorantia,
799 1976 876 2053 quid
903 1976 947 2037 sit
975 1975 1063 2053 illud,
1089 1977 1172 2054 quod

171 2086 295 2140 tantum
317 2081 448 2159 perituri
469 2063 587 2140 vident.

541 2292 594 2342 The
613 2292 808 2342 Hermunduri.

173 2415 177 2420 ⁵
210 2430 258 2492 41.
288 2433 331 2492 Et
349 2430 425 2494 haee
443 2431 569 2510 quidem
588 2451 660 2510 pars
682 2433 851 2492 Sueborum
870 2431 904 2490 in
919 2431 1085 2492 secretiora
1099 2433 1173 2493 Ger·

172 2537 293 2596 maniae
317 2537 506 2614 porrigitur:
539 2537 673 2616 propior,
699 2543 744 2612 ut,
770 2557 831 2615 quo
858 2537 950 2596 modo
977 2537 1071 2614 paulo
1099 2545 1171 2597 ante

172 2642 327 2717 Rhenum,
350 2643 395 2702 sic
420 2661 502 2702 nunc
527 2643 707 2702 Danuvium
733 2661 853 2720 sequar,
878 2643 1172 2702 Hermundurorum
1185 2659 1214 2704 20

161 2721 292 2822 civitas,
316 2747 380 2807 fida
396 2747 564 2824 Romanis3
587 2767 683 2826 eoque
707 2748 782 2808 solis
806 2749 1030 2808 Germanorum
1052 2748 1172 2806 nonin

168 2855 238 2931 ripa
272 2855 488 2930 commercium,
519 2855 573 2916 sed
590 2853 717 2930 penitus
742 2859 835 2930 atque
860 2853 892 2911 in
918 2853 1173 2930 splendidissima

171 2939 302 3017 Raetiae
317 2957 495 3036 provinciae
510 2957 638 3017 colonia.
681 2958 803 3018 Passim
824 2957 890 3017 sine
909 2957 1037 3017 custode
1058 2963 1173 3018 transe-

170 3043 247 3138 unt,
270 3069 386 3122 etcum
401 3063 512 3123 ceteris
527 3063 673 3139 gentibus
688 3081 774 3122 arma
785 3063 877 3123 modo
888 3069 1050 3139 castraque
1064 3068 1172 3122 nostra

171 3167 381 3243 ostendamus,
401 3168 451 3228 his
475 3168 582 3228 domos
607 3168 761 3245 villasque
786 3168 992 3245 patefecimus
1017 3186 1080 3226 non
1104 3185 1214 3232 con-25

171 3273 412 3349 cupiscentibus.
469 3273 509 3331 In
537 3273 769 3332 Hermunduris
798 3272 889 3334 Albis
918 3272 1027 3347 oritur,
1055 3271 1175 3332 flumen

170 3375 325 3436 inclutum
347 3383 379 3437 et
399 3382 509 3438 notum
530 3377 623 3455 olim,
651 3397 734 3438 nune
755 3382 878 3438 tantum
900 3377 1035 3437 auditur.
1104 3425 1108 3432 .
