2840 4132
564 195 760 260 AGRIOOLA.

374 417 529 515 eeoqropuy
546 451 602 502 aad
618 450 772 514 Ettnoloay
789 451 821 514 os
834 421 952 502 Britain.

204 600 251 662 10.
280 599 464 660 Britanniae
487 599 583 660 situm
606 599 800 679 populosque
825 599 934 660 multis
960 599 1163 679 scriptoribus

163 711 348 766 memoratos
370 723 434 764 non
456 704 491 764 in
512 705 775 783 comparationem
796 723 887 766 curae
905 704 1064 780 ingeniive
1086 705 1164 765 refe

163 830 238 887 ram,
263 811 319 872 sed
347 811 422 888 quia
448 815 516 871 tum
545 810 680 888 primum
709 810 886 888 perdomita
910 815 976 870 est:
1010 810 1057 870 ita
1084 829 1163 887 quae

163 916 280 994 priores
304 917 443 976 nondum
468 921 627 994 comperta
649 915 828 992 eloquentia
850 915 1037 993 percoluere,
1060 933 1164 975 rerum

163 1021 224 1080 fide
235 1022 406 1081 tradentur.
439 1020 613 1096 Britannia,
626 1019 798 1080 insularum
811 1039 888 1097 quas
899 1021 1041 1080 Romana
1050 1020 1165 1080 notitia
1176 1036 1192 1081 t

164 1125 380 1204 complectitur
394 1125 539 1200 maxima,
553 1125 655 1202 spatio
669 1143 705 1184 ac
724 1124 810 1185 caelo
824 1125 857 1184 in
872 1125 1024 1184 orientem
1040 1126 1164 1187 Germa·

163 1231 242 1306 niae,
256 1231 291 1290 in
305 1231 495 1291 occidentem
516 1231 690 1308 Hispaniae
705 1231 895 1306 obtenditur,
912 1231 1013 1292 Gallis
1028 1232 1061 1290 in
1076 1232 1165 1291 rneri-

164 1337 245 1396 diem
260 1335 355 1395 etiarn
373 1335 558 1414 inspicitur;
581 1336 837 1414 septentrionalia
851 1337 926 1411 eius,
941 1336 1039 1396 nullis
1056 1343 1165 1397 contra

163 1442 263 1516 terris,
276 1447 364 1501 vasto
378 1447 472 1518 atque
487 1446 595 1518 aperto
610 1441 688 1500 mari
702 1441 876 1519 pulsantur.
912 1443 1057 1501 Formam
1067 1442 1163 1504 totius

164 1533 346 1606 Britanniae
370 1545 480 1606 Livius
503 1551 654 1620 veterum,
678 1546 793 1607 Fabius
819 1547 968 1608 Rusticus
993 1547 1162 1607 recentium
1178 1563 1206 1610 lc

163 1651 412 1728 eloquentissimi
440 1657 580 1711 auctores
609 1651 759 1727 oblongae
790 1651 930 1712 scutulae
958 1652 1008 1714 vel
1036 1648 1165 1729 bipenni

163 1755 397 1816 adsimulavere.
447 1757 490 1815 Et
509 1761 559 1816 est
579 1775 616 1816 ea
636 1755 733 1816 facies
754 1756 834 1816 citra
854 1757 1063 1832 Caledoniam,
1081 1758 1165 1817 unde

163 1868 194 1921 et
218 1861 252 1920 in
273 1860 561 1930 universumfama.
600 1861 661 1920 Sed
675 1861 879 1937 transgressis
894 1867 926 1920 et
940 1861 1118 1922 inmensum
1132 1868 1165 1922 ct

162 1985 287 2026 enorme
305 1965 440 2045 spatium
459 1966 707 2042 procurrentium
726 1972 865 2026 extremo
883 1967 946 2026 iam
963 1967 1055 2026 litore
1071 1973 1165 2028 terra·

162 2091 231 2131 rum
256 2071 344 2131 velut
367 2071 402 2130 in
425 2089 557 2130 cuneum
582 2077 737 2131 tenuatur.
781 2073 873 2131 Hanc
894 2091 980 2132 oram
1001 2073 1165 2133 novissimi
1178 2084 1207 2130 lt

162 2177 257 2236 maris
272 2182 346 2236 tunc
360 2175 497 2254 primum
518 2177 659 2236 Romana
678 2176 787 2237 classis
805 2177 1012 2237 circumvecta
1028 2177 1165 2238 insulam

164 2299 230 2340 esse
255 2281 454 2341 Britanniam
482 2280 669 2356 adfirmavit,
692 2299 728 2340 ac
753 2281 846 2342 simul
872 2281 1047 2358 incognitas
1070 2283 1110 2342 ad
1130 2283 1165 2342 id

163 2390 286 2464 tempus
304 2385 433 2462 insulae,
448 2405 526 2464 quas
544 2385 680 2446 Orcadas
694 2391 816 2461 vocant,
832 2386 955 2446 invenit
971 2387 1162 2465 domuitque.

162 2490 313 2568 Dispecta
332 2499 381 2550 est
402 2496 433 2550 et
454 2491 565 2566 Thule,
586 2490 661 2568 quia
680 2490 831 2551 hactenus
852 2491 988 2552 iussum:
1011 2497 1043 2551 et
1063 2492 1164 2552 hiems

162 2595 338 2673 adpetebat.
393 2595 455 2655 Sed
486 2614 571 2656 mare
604 2596 729 2674 pigrum
757 2601 789 2655 et
817 2575 910 2674 grave
938 2597 1164 2672 remigantibus
1177 2610 1207 2656 20

163 2699 329 2776 perhibent
352 2718 392 2759 ne
415 2700 519 2760 ventis
541 2700 669 2778 quidem
691 2699 821 2778 perinde
830 2701 952 2776 adtolli,
971 2702 1063 2762 credo
1080 2703 1164 2779 quod

136 2850 137 2853 η
162 2804 294 2864 rariores
308 2810 410 2864 terrae
425 2810 617 2883 montesque,
630 2824 723 2866 causa
736 2825 771 2866 ac
786 2807 917 2866 materia
931 2811 1163 2883 tempestatum,

162 2914 194 2968 et
220 2909 378 2986 profunda
410 2909 508 2970 moles
536 2910 679 2970 continui
706 2910 802 2970 maris
831 2910 952 2970 tardius
980 2911 1162 2988 impellitur.

161 3013 316 3074 Naturam
329 3014 445 3074 Oceani
460 3021 554 3093 atque
568 3021 673 3075 aestus
684 3033 785 3093 neque
797 3033 944 3092 quaerere
956 3015 1049 3075 huius
1061 3016 1164 3093 operis

161 3124 219 3194 est,
234 3137 270 3178 ac
290 3119 383 3179 multi
396 3119 561 3180 rettulere:
585 3139 682 3179 unum
701 3120 885 3195 addiderim,
900 3139 1055 3198 nusquam
1069 3119 1164 3180 latius
1177 3132 1205 3178 25

161 3223 316 3284 dominari
334 3243 428 3298 mare,
446 3225 582 3285 multum
600 3225 766 3284 fluminum
785 3225 846 3284 huc
865 3231 960 3303 atque
977 3225 1054 3284 illuc
1065 3221 1163 3302 ferre,

161 3347 218 3389 nec
245 3329 338 3390 litore
366 3335 458 3390 tenus
486 3330 664 3390 adcrescere
693 3335 748 3390 aut
772 3330 933 3405 resorberi,
956 3331 1012 3391 sed
1034 3328 1164 3390 influere

161 3433 287 3512 penitus
306 3421 400 3512 atque
419 3434 545 3510 ambire,
563 3440 596 3495 et
619 3435 702 3512 iugis
720 3435 816 3494 etiam
834 3454 870 3495 ac
889 3435 1047 3504 montibus
1066 3435 1164 3496 inseri

162 3537 304 3599 velutin
325 3559 389 3599 suc.
1058 3601 1060 3607 ,

201 3643 248 3705 11.
278 3645 424 3705 Ceterum
437 3643 634 3705 Britanniam
651 3645 706 3722 qni
720 3645 867 3704 mortales
887 3645 979 3702 initio
1000 3643 1162 3718 coluerint,
1176 3655 1206 3700 ³0
