<?xml version="1.0" encoding="UTF-8"?>
<!DOCTYPE html PUBLIC "-//W3C//DTD XHTML 1.0 Transitional//EN"
    "http://www.w3.org/TR/xhtml1/DTD/xhtml1-transitional.dtd">
<html xmlns="http://www.w3.org/1999/xhtml" xml:lang="en" lang="en">
 <head>
  <title>
</title>
<meta http-equiv="Content-Type" content="text/html;charset=utf-8" />
  <meta name='ocr-system' content='tesseract 3.04.00' />
  <meta name='ocr-capabilities' content='ocr_page ocr_carea ocr_par ocr_line ocrx_word'/>
</head>
<body>
  <div class='ocr_page' id='page_1' title='image "./tacitusdevitaet01tacigoog_0098.png"; bbox 0 0 2880 4148; ppageno 0'>
   <div class='ocr_carea' id='block_1_1' title="bbox 565 210 1164 276">
    <p class='ocr_par' dir='ltr' id='par_1_1' title="bbox 565 210 1164 276">
     <span class='ocr_line' id='line_1_1' title="bbox 565 210 1164 276; baseline 0.007 -4"><span class='ocrx_word' id='word_1_1' title='bbox 565 221 760 274; x_wconf 74' lang='lat' dir='ltr'>Aemcom.</span> <span class='ocrx_word' id='word_1_2' title='bbox 1123 210 1164 276; x_wconf 88' lang='lat'>15</span> 
     </span>
    </p>
   </div>
   <div class='ocr_carea' id='block_1_2' title="bbox 158 395 1243 3740">
    <p class='ocr_par' dir='ltr' id='par_1_2' title="bbox 165 395 1165 790">
     <span class='ocr_line' id='line_1_2' title="bbox 166 395 1165 474; baseline -0.004 -15"><span class='ocrx_word' id='word_1_3' title='bbox 166 399 290 459; x_wconf 91' lang='lat' dir='ltr'>habitus</span> <span class='ocrx_word' id='word_1_4' title='bbox 318 397 417 458; x_wconf 84' lang='lat' dir='ltr'><strong>nostri</strong></span> <span class='ocrx_word' id='word_1_5' title='bbox 449 397 548 456; x_wconf 90' lang='lat' dir='ltr'>honor</span> <span class='ocrx_word' id='word_1_6' title='bbox 576 401 608 456; x_wconf 89' lang='lat' dir='ltr'>et</span> <span class='ocrx_word' id='word_1_7' title='bbox 641 396 790 473; x_wconf 84' lang='lat' dir='ltr'>frequens</span> <span class='ocrx_word' id='word_1_8' title='bbox 817 401 898 471; x_wconf 82' lang='lat' dir='ltr'>toga.</span> <span class='ocrx_word' id='word_1_9' title='bbox 944 395 1165 474; x_wconf 80' lang='lat' dir='ltr'>Paulatimque</span> 
     </span>
     <span class='ocr_line' id='line_1_3' title="bbox 165 501 1164 579; baseline -0.003 -15"><span class='ocrx_word' id='word_1_10' title='bbox 165 505 348 565; x_wconf 78' lang='lat' dir='ltr'>descensum</span> <span class='ocrx_word' id='word_1_11' title='bbox 365 503 405 562; x_wconf 91' lang='lat' dir='ltr'>ad</span> <span class='ocrx_word' id='word_1_12' title='bbox 419 502 630 562; x_wconf 88' lang='lat' dir='ltr'>delenimenta</span> <span class='ocrx_word' id='word_1_13' title='bbox 643 501 801 577; x_wconf 87' lang='lat' dir='ltr'>vitiorum,</span> <span class='ocrx_word' id='word_1_14' title='bbox 819 501 958 579; x_wconf 91' lang='lat' dir='ltr'>porticus</span> <span class='ocrx_word' id='word_1_15' title='bbox 973 507 1005 560; x_wconf 88' lang='lat' dir='ltr'>et</span> <span class='ocrx_word' id='word_1_16' title='bbox 1023 501 1164 562; x_wconf 83' lang='lat' dir='ltr'>balineas</span> 
     </span>
     <span class='ocr_line' id='line_1_4' title="bbox 165 606 1165 684; baseline -0.005 -15"><span class='ocrx_word' id='word_1_17' title='bbox 165 616 196 669; x_wconf 91' lang='lat' dir='ltr'>et</span> <span class='ocrx_word' id='word_1_18' title='bbox 215 609 430 669; x_wconf 83' lang='lat' dir='ltr'>conviviorum</span> <span class='ocrx_word' id='word_1_19' title='bbox 451 607 648 683; x_wconf 76' lang='lat' dir='ltr'>elegantiam.</span> <span class='ocrx_word' id='word_1_20' title='bbox 702 607 802 684; x_wconf 90' lang='lat' dir='ltr'>quue</span> <span class='ocrx_word' id='word_1_21' title='bbox 824 607 907 684; x_wconf 93' lang='lat' dir='ltr'>apud</span> <span class='ocrx_word' id='word_1_22' title='bbox 928 606 1089 684; x_wconf 90' lang='lat' dir='ltr'>imperitos</span> <span class='ocrx_word' id='word_1_23' title='bbox 1110 607 1165 665; x_wconf 89' lang='lat' dir='ltr'>hu·</span> 
     </span>
     <span class='ocr_line' id='line_1_5' title="bbox 166 711 945 790; baseline -0.005 -16"><span class='ocrx_word' id='word_1_24' title='bbox 166 713 298 774; x_wconf 86' lang='lat' dir='ltr'>manitas</span> <span class='ocrx_word' id='word_1_25' title='bbox 312 714 490 788; x_wconf 88' lang='lat' dir='ltr'>vocabatur,</span> <span class='ocrx_word' id='word_1_26' title='bbox 506 731 576 772; x_wconf 90' lang='lat' dir='ltr'>cum</span> <span class='ocrx_word' id='word_1_27' title='bbox 590 731 663 790; x_wconf 90' lang='lat' dir='ltr'>pars</span> <span class='ocrx_word' id='word_1_28' title='bbox 678 711 839 772; x_wconf 87' lang='lat' dir='ltr'>servitutis</span> <span class='ocrx_word' id='word_1_29' title='bbox 855 716 945 771; x_wconf 88' lang='lat' dir='ltr'>esset.</span> 
     </span>
    </p>

    <p class='ocr_par' dir='ltr' id='par_1_3' title="bbox 160 794 1243 2878">
     <span class='ocr_line' id='line_1_6' title="bbox 203 794 1192 896; baseline -0.001 -16"><span class='ocrx_word' id='word_1_30' title='bbox 203 818 251 880; x_wconf 80' lang='grc'>22.</span> <span class='ocrx_word' id='word_1_31' title='bbox 281 819 406 880; x_wconf 83' lang='lat' dir='ltr'>Tertius</span> <span class='ocrx_word' id='word_1_32' title='bbox 427 818 662 896; x_wconf 77' lang='lat' dir='ltr'>expeditionum</span> <span class='ocrx_word' id='word_1_33' title='bbox 682 837 782 878; x_wconf 90' lang='lat' dir='ltr'>annus</span> <span class='ocrx_word' id='word_1_34' title='bbox 802 837 899 877; x_wconf 89' lang='lat' dir='ltr'>novas</span> <span class='ocrx_word' id='word_1_35' title='bbox 915 794 1017 894; x_wconf 72' lang='lat' dir='ltr'>gedtis</span> <span class='ocrx_word' id='word_1_36' title='bbox 1032 819 1192 895; x_wconf 61' lang='lat' dir='ltr'>apamias</span> 
     </span>
     <span class='ocr_line' id='line_1_7' title="bbox 166 923 1243 1004; baseline -0.002 -20"><span class='ocrx_word' id='word_1_37' title='bbox 166 925 296 986; x_wconf 85' lang='lat' dir='ltr'>vastatis</span> <span class='ocrx_word' id='word_1_38' title='bbox 310 943 410 1002; x_wconf 92' lang='lat' dir='ltr'>usque</span> <span class='ocrx_word' id='word_1_39' title='bbox 424 924 464 984; x_wconf 84' lang='lat' dir='ltr'>ad</span> <span class='ocrx_word' id='word_1_40' title='bbox 479 925 620 984; x_wconf 83' lang='lat' dir='ltr'>Tanaum</span> <span class='ocrx_word' id='word_1_41' title='bbox 634 923 803 1002; x_wconf 86' lang='lat' dir='ltr'>(aestuario</span> <span class='ocrx_word' id='word_1_42' title='bbox 823 941 935 982; x_wconf 85' lang='lat' dir='ltr'>nornen</span> <span class='ocrx_word' id='word_1_43' title='bbox 955 925 1016 1004; x_wconf 88' lang='lat' dir='ltr'>est)</span> <span class='ocrx_word' id='word_1_44' title='bbox 1033 923 1166 982; x_wconf 92' lang='lat' dir='ltr'>nationi·</span> <span class='ocrx_word' id='word_1_45' title='bbox 1242 926 1243 930; x_wconf 75' lang='grc'>’</span> 
     </span>
     <span class='ocr_line' id='line_1_8' title="bbox 166 1028 1166 1106; baseline -0.001 -16"><span class='ocrx_word' id='word_1_46' title='bbox 166 1031 229 1090; x_wconf 90' lang='lat' dir='ltr'>bus.</span> <span class='ocrx_word' id='word_1_47' title='bbox 272 1031 341 1100; x_wconf 78' lang='lat' dir='ltr'>Qua</span> <span class='ocrx_word' id='word_1_48' title='bbox 360 1029 529 1089; x_wconf 85' lang='lat' dir='ltr'>formidine</span> <span class='ocrx_word' id='word_1_49' title='bbox 551 1029 654 1088; x_wconf 90' lang='lat' dir='ltr'>territi</span> <span class='ocrx_word' id='word_1_50' title='bbox 674 1029 781 1089; x_wconf 89' lang='lat' dir='ltr'>hostes</span> <span class='ocrx_word' id='word_1_51' title='bbox 803 1047 990 1106; x_wconf 91' lang='lat' dir='ltr'>quamquam</span> <span class='ocrx_word' id='word_1_52' title='bbox 1010 1028 1166 1089; x_wconf 80' lang='lat' dir='ltr'>conflicta</span> 
     </span>
     <span class='ocr_line' id='line_1_9' title="bbox 165 1133 1163 1213; baseline -0.002 -19"><span class='ocrx_word' id='word_1_53' title='bbox 165 1141 230 1194; x_wconf 91' lang='lat' dir='ltr'>tum</span> <span class='ocrx_word' id='word_1_54' title='bbox 245 1135 347 1194; x_wconf 91' lang='lat' dir='ltr'>saevis</span> <span class='ocrx_word' id='word_1_55' title='bbox 367 1135 608 1213; x_wconf 87' lang='lat' dir='ltr'>tempestatibus</span> <span class='ocrx_word' id='word_1_56' title='bbox 629 1134 800 1193; x_wconf 87' lang='lat' dir='ltr'>exercitum</span> <span class='ocrx_word' id='word_1_57' title='bbox 821 1133 972 1193; x_wconf 85' lang='lat' dir='ltr'>lacessere</span> <span class='ocrx_word' id='word_1_58' title='bbox 993 1153 1055 1194; x_wconf 92' lang='lat' dir='ltr'>non</span> <span class='ocrx_word' id='word_1_59' title='bbox 1077 1135 1163 1210; x_wconf 89' lang='lat' dir='ltr'>ausi;</span> 
     </span>
     <span class='ocr_line' id='line_1_10' title="bbox 165 1238 1165 1318; baseline -0.001 -19"><span class='ocrx_word' id='word_1_60' title='bbox 165 1239 378 1318; x_wconf 90' lang='lat' dir='ltr'>ponendisque</span> <span class='ocrx_word' id='word_1_61' title='bbox 391 1239 520 1318; x_wconf 92' lang='lat' dir='ltr'>insuper</span> <span class='ocrx_word' id='word_1_62' title='bbox 536 1239 674 1299; x_wconf 84' lang='lat' dir='ltr'>castellis</span> <span class='ocrx_word' id='word_1_63' title='bbox 692 1239 828 1316; x_wconf 89' lang='lat' dir='ltr'>spatium</span> <span class='ocrx_word' id='word_1_64' title='bbox 844 1239 914 1298; x_wconf 87' lang='lat' dir='ltr'>fuit.</span> <span class='ocrx_word' id='word_1_65' title='bbox 961 1238 1165 1298; x_wconf 92' lang='lat' dir='ltr'>Adnotabant</span> 
     </span>
     <span class='ocr_line' id='line_1_11' title="bbox 165 1343 1207 1422; baseline -0.001 -19"><span class='ocrx_word' id='word_1_66' title='bbox 165 1345 258 1422; x_wconf 88' lang='lat' dir='ltr'>periti</span> <span class='ocrx_word' id='word_1_67' title='bbox 280 1364 344 1404; x_wconf 89' lang='lat' dir='ltr'>non</span> <span class='ocrx_word' id='word_1_68' title='bbox 367 1345 465 1404; x_wconf 90' lang='lat' dir='ltr'>alium</span> <span class='ocrx_word' id='word_1_69' title='bbox 487 1345 602 1404; x_wconf 90' lang='lat' dir='ltr'>ducem</span> <span class='ocrx_word' id='word_1_70' title='bbox 618 1344 867 1422; x_wconf 82' lang='lat' dir='ltr'>opportunitates</span> <span class='ocrx_word' id='word_1_71' title='bbox 890 1343 1026 1403; x_wconf 91' lang='lat' dir='ltr'>locorum</span> <span class='ocrx_word' id='word_1_72' title='bbox 1045 1344 1207 1421; x_wconf 89' lang='lat' dir='ltr'>sapien-10</span> 
     </span>
     <span class='ocr_line' id='line_1_12' title="bbox 165 1449 1166 1526; baseline 0 -17"><span class='ocrx_word' id='word_1_73' title='bbox 165 1451 228 1509; x_wconf 88' lang='lat' dir='ltr'>tius</span> <span class='ocrx_word' id='word_1_74' title='bbox 246 1450 377 1525; x_wconf 80' lang='lat' dir='ltr'>legisse3</span> <span class='ocrx_word' id='word_1_75' title='bbox 399 1449 522 1508; x_wconf 89' lang='lat' dir='ltr'>nullum</span> <span class='ocrx_word' id='word_1_76' title='bbox 543 1450 582 1509; x_wconf 94' lang='lat' dir='ltr'>ab</span> <span class='ocrx_word' id='word_1_77' title='bbox 602 1449 751 1526; x_wconf 79' lang='lat' dir='ltr'>Agricola</span> <span class='ocrx_word' id='word_1_78' title='bbox 771 1449 909 1526; x_wconf 88' lang='lat' dir='ltr'>positum</span> <span class='ocrx_word' id='word_1_79' title='bbox 930 1449 1093 1509; x_wconf 90' lang='lat' dir='ltr'>castellum</span> <span class='ocrx_word' id='word_1_80' title='bbox 1109 1455 1166 1509; x_wconf 92' lang='lat' dir='ltr'>aut</span> 
     </span>
     <span class='ocr_line' id='line_1_13' title="bbox 165 1555 1163 1632; baseline 0 -18"><span class='ocrx_word' id='word_1_81' title='bbox 165 1555 197 1614; x_wconf 90' lang='lat' dir='ltr'>vi</span> <span class='ocrx_word' id='word_1_82' title='bbox 211 1555 349 1616; x_wconf 90' lang='lat' dir='ltr'>hostium</span> <span class='ocrx_word' id='word_1_83' title='bbox 368 1560 580 1632; x_wconf 84' lang='lat' dir='ltr'>expugnatum</span> <span class='ocrx_word' id='word_1_84' title='bbox 595 1560 650 1614; x_wconf 88' lang='lat' dir='ltr'>aut</span> <span class='ocrx_word' id='word_1_85' title='bbox 668 1555 813 1632; x_wconf 92' lang='lat' dir='ltr'>pactione</span> <span class='ocrx_word' id='word_1_86' title='bbox 835 1573 871 1614; x_wconf 88' lang='lat' dir='ltr'>ac</span> <span class='ocrx_word' id='word_1_87' title='bbox 891 1555 968 1630; x_wconf 84' lang='lat' dir='ltr'>fuga</span> <span class='ocrx_word' id='word_1_88' title='bbox 988 1555 1163 1631; x_wconf 83' lang='lat' dir='ltr'>desertum3</span> 
     </span>
     <span class='ocr_line' id='line_1_14' title="bbox 164 1660 1165 1738; baseline -0.001 -17"><span class='ocrx_word' id='word_1_89' title='bbox 164 1662 288 1721; x_wconf 88' lang='lat' dir='ltr'>crebrae</span> <span class='ocrx_word' id='word_1_90' title='bbox 313 1661 501 1738; x_wconf 87' lang='lat' dir='ltr'>eruptiones,</span> <span class='ocrx_word' id='word_1_91' title='bbox 522 1679 596 1720; x_wconf 91' lang='lat' dir='ltr'>nam</span> <span class='ocrx_word' id='word_1_92' title='bbox 619 1661 769 1720; x_wconf 90' lang='lat' dir='ltr'>adversus</span> <span class='ocrx_word' id='word_1_93' title='bbox 794 1679 895 1720; x_wconf 92' lang='lat' dir='ltr'>moras</span> <span class='ocrx_word' id='word_1_94' title='bbox 920 1660 1091 1720; x_wconf 89' lang='lat' dir='ltr'>obsidionis</span> <span class='ocrx_word' id='word_1_95' title='bbox 1114 1680 1165 1720; x_wconf 92' lang='lat' dir='ltr'>an-</span> 
     </span>
     <span class='ocr_line' id='line_1_15' title="bbox 165 1764 1164 1844; baseline 0 -20"><span class='ocrx_word' id='word_1_96' title='bbox 165 1767 236 1826; x_wconf 90' lang='lat' dir='ltr'>nuis</span> <span class='ocrx_word' id='word_1_97' title='bbox 257 1765 355 1844; x_wconf 91' lang='lat' dir='ltr'>copiis</span> <span class='ocrx_word' id='word_1_98' title='bbox 375 1765 587 1824; x_wconf 88' lang='lat' dir='ltr'>firmabantur.</span> <span class='ocrx_word' id='word_1_99' title='bbox 631 1765 683 1824; x_wconf 90' lang='lat' dir='ltr'>Ita</span> <span class='ocrx_word' id='word_1_100' title='bbox 700 1765 859 1842; x_wconf 89' lang='lat' dir='ltr'>intrepida</span> <span class='ocrx_word' id='word_1_101' title='bbox 879 1764 924 1824; x_wconf 94' lang='lat' dir='ltr'>ibi</span> <span class='ocrx_word' id='word_1_102' title='bbox 942 1765 1042 1824; x_wconf 91' lang='lat' dir='ltr'>hiems</span> <span class='ocrx_word' id='word_1_103' title='bbox 1057 1771 1089 1824; x_wconf 92' lang='lat' dir='ltr'>et</span> <span class='ocrx_word' id='word_1_104' title='bbox 1104 1765 1164 1826; x_wconf 91' lang='lat' dir='ltr'>sibi</span> 
     </span>
     <span class='ocr_line' id='line_1_16' title="bbox 164 1869 1206 1949; baseline -0.005 -19"><span class='ocrx_word' id='word_1_105' title='bbox 164 1871 296 1949; x_wconf 90' lang='lat' dir='ltr'>quisque</span> <span class='ocrx_word' id='word_1_106' title='bbox 322 1871 486 1948; x_wconf 90' lang='lat' dir='ltr'>pracsidio,</span> <span class='ocrx_word' id='word_1_107' title='bbox 506 1871 610 1930; x_wconf 89' lang='lat' dir='ltr'>inritis</span> <span class='ocrx_word' id='word_1_108' title='bbox 633 1869 777 1930; x_wconf 90' lang='lat' dir='ltr'>hostibus</span> <span class='ocrx_word' id='word_1_109' title='bbox 800 1888 897 1946; x_wconf 88' lang='lat' dir='ltr'>eoque</span> <span class='ocrx_word' id='word_1_110' title='bbox 917 1870 1163 1947; x_wconf 88' lang='lat' dir='ltr'>desperantibus,</span> <span class='ocrx_word' id='word_1_111' title='bbox 1179 1880 1206 1925; x_wconf 82' lang='lat'>15</span> 
     </span>
     <span class='ocr_line' id='line_1_17' title="bbox 163 1975 1164 2054; baseline 0 -19"><span class='ocrx_word' id='word_1_112' title='bbox 163 1977 240 2054; x_wconf 92' lang='lat' dir='ltr'>quia</span> <span class='ocrx_word' id='word_1_113' title='bbox 256 1975 342 2036; x_wconf 92' lang='lat' dir='ltr'>soliti</span> <span class='ocrx_word' id='word_1_114' title='bbox 363 1975 546 2053; x_wconf 91' lang='lat' dir='ltr'>plerumque</span> <span class='ocrx_word' id='word_1_115' title='bbox 564 1976 678 2035; x_wconf 90' lang='lat' dir='ltr'>damna</span> <span class='ocrx_word' id='word_1_116' title='bbox 695 1975 824 2034; x_wconf 89' lang='lat' dir='ltr'>aestatis</span> <span class='ocrx_word' id='word_1_117' title='bbox 842 1975 981 2034; x_wconf 89' lang='lat' dir='ltr'>hibernis</span> <span class='ocrx_word' id='word_1_118' title='bbox 1001 1975 1164 2036; x_wconf 83' lang='lat' dir='ltr'>eventibus</span> 
     </span>
     <span class='ocr_line' id='line_1_18' title="bbox 164 2079 1165 2159; baseline 0 -19"><span class='ocrx_word' id='word_1_119' title='bbox 164 2101 294 2159; x_wconf 88' lang='lat' dir='ltr'>pensare</span> <span class='ocrx_word' id='word_1_120' title='bbox 310 2087 375 2140; x_wconf 91' lang='lat' dir='ltr'>turn</span> <span class='ocrx_word' id='word_1_121' title='bbox 391 2087 510 2140; x_wconf 86' lang='lat' dir='ltr'>aestate</span> <span class='ocrx_word' id='word_1_122' title='bbox 525 2086 619 2158; x_wconf 88' lang='lat' dir='ltr'>atque</span> <span class='ocrx_word' id='word_1_123' title='bbox 634 2080 736 2139; x_wconf 89' lang='lat' dir='ltr'>hieme</span> <span class='ocrx_word' id='word_1_124' title='bbox 751 2080 841 2139; x_wconf 83' lang='lat' dir='ltr'>iuxta</span> <span class='ocrx_word' id='word_1_125' title='bbox 855 2079 1061 2157; x_wconf 90' lang='lat' dir='ltr'>pellebantur.</span> <span class='ocrx_word' id='word_1_126' title='bbox 1097 2082 1165 2140; x_wconf 88' lang='lat' dir='ltr'>Nec</span> 
     </span>
     <span class='ocr_line' id='line_1_19' title="bbox 163 2185 1166 2263; baseline -0.001 -18"><span class='ocrx_word' id='word_1_127' title='bbox 163 2185 313 2262; x_wconf 86' lang='lat' dir='ltr'>Agricola</span> <span class='ocrx_word' id='word_1_128' title='bbox 328 2205 474 2263; x_wconf 90' lang='lat' dir='ltr'>umquam</span> <span class='ocrx_word' id='word_1_129' title='bbox 492 2205 547 2262; x_wconf 89' lang='lat' dir='ltr'>per</span> <span class='ocrx_word' id='word_1_130' title='bbox 566 2185 645 2246; x_wconf 90' lang='lat' dir='ltr'>alios</span> <span class='ocrx_word' id='word_1_131' title='bbox 665 2191 754 2262; x_wconf 84' lang='lat' dir='ltr'>gesta</span> <span class='ocrx_word' id='word_1_132' title='bbox 772 2185 883 2245; x_wconf 79' lang='lat' dir='ltr'>avidus</span> <span class='ocrx_word' id='word_1_133' title='bbox 905 2185 1087 2262; x_wconf 88' lang='lat' dir='ltr'>intercepit:</span> <span class='ocrx_word' id='word_1_134' title='bbox 1111 2204 1166 2244; x_wconf 89' lang='lat' dir='ltr'>seu</span> 
     </span>
     <span class='ocr_line' id='line_1_20' title="bbox 162 2290 1166 2368; baseline 0 -18"><span class='ocrx_word' id='word_1_135' title='bbox 162 2291 304 2350; x_wconf 86' lang='lat' dir='ltr'>centurio</span> <span class='ocrx_word' id='word_1_136' title='bbox 326 2309 381 2350; x_wconf 88' lang='lat' dir='ltr'>seu</span> <span class='ocrx_word' id='word_1_137' title='bbox 405 2291 582 2368; x_wconf 84' lang='lat' dir='ltr'>praefectus</span> <span class='ocrx_word' id='word_1_138' title='bbox 602 2291 822 2368; x_wconf 90' lang='lat' dir='ltr'>iuconruptum</span> <span class='ocrx_word' id='word_1_139' title='bbox 845 2290 923 2349; x_wconf 87' lang='lat' dir='ltr'>facti</span> <span class='ocrx_word' id='word_1_140' title='bbox 944 2295 1058 2349; x_wconf 88' lang='lat' dir='ltr'>testem</span> <span class='ocrx_word' id='word_1_141' title='bbox 1075 2291 1166 2350; x_wconf 90' lang='lat' dir='ltr'>habe-</span> 
     </span>
     <span class='ocr_line' id='line_1_21' title="bbox 162 2395 1208 2473; baseline -0.003 -18"><span class='ocrx_word' id='word_1_142' title='bbox 162 2397 226 2456; x_wconf 90' lang='lat' dir='ltr'>bat.</span> <span class='ocrx_word' id='word_1_143' title='bbox 269 2396 365 2473; x_wconf 85' lang='lat' dir='ltr'>Apud</span> <span class='ocrx_word' id='word_1_144' title='bbox 386 2395 537 2473; x_wconf 88' lang='lat' dir='ltr'>quosdam</span> <span class='ocrx_word' id='word_1_145' title='bbox 565 2396 703 2455; x_wconf 87' lang='lat' dir='ltr'>acerbior</span> <span class='ocrx_word' id='word_1_146' title='bbox 730 2395 764 2454; x_wconf 93' lang='lat' dir='ltr'>in</span> <span class='ocrx_word' id='word_1_147' title='bbox 790 2395 940 2454; x_wconf 87' lang='lat' dir='ltr'>conviciis</span> <span class='ocrx_word' id='word_1_148' title='bbox 970 2395 1164 2470; x_wconf 88' lang='lat' dir='ltr'>narrabatur,</span> <span class='ocrx_word' id='word_1_149' title='bbox 1178 2407 1208 2452; x_wconf 79' lang='lat'>20</span> 
     </span>
     <span class='ocr_line' id='line_1_22' title="bbox 162 2500 1163 2578; baseline 0 -18"><span class='ocrx_word' id='word_1_150' title='bbox 162 2506 195 2561; x_wconf 90' lang='lat' dir='ltr'>et</span> <span class='ocrx_word' id='word_1_151' title='bbox 218 2505 255 2559; x_wconf 91' lang='lat' dir='ltr'>ut</span> <span class='ocrx_word' id='word_1_152' title='bbox 279 2507 346 2560; x_wconf 89' lang='lat' dir='ltr'>erat</span> <span class='ocrx_word' id='word_1_153' title='bbox 370 2502 465 2560; x_wconf 90' lang='lat' dir='ltr'>comis</span> <span class='ocrx_word' id='word_1_154' title='bbox 490 2501 589 2576; x_wconf 87' lang='lat' dir='ltr'>bonis,</span> <span class='ocrx_word' id='word_1_155' title='bbox 605 2502 657 2578; x_wconf 44' lang='lat' dir='ltr'>‚ita</span> <span class='ocrx_word' id='word_1_156' title='bbox 677 2501 827 2560; x_wconf 90' lang='lat' dir='ltr'>adversus</span> <span class='ocrx_word' id='word_1_157' title='bbox 849 2500 947 2559; x_wconf 91' lang='lat' dir='ltr'>malos</span> <span class='ocrx_word' id='word_1_158' title='bbox 965 2500 1163 2560; x_wconf 91' lang='lat' dir='ltr'>iniucundus.</span> 
     </span>
     <span class='ocr_line' id='line_1_23' title="bbox 161 2605 1166 2682; baseline -0.004 -15"><span class='ocrx_word' id='word_1_159' title='bbox 161 2607 308 2668; x_wconf 85' lang='lat' dir='ltr'>Ceterum</span> <span class='ocrx_word' id='word_1_160' title='bbox 322 2625 361 2665; x_wconf 84' lang='lat' dir='ltr'>ex</span> <span class='ocrx_word' id='word_1_161' title='bbox 377 2605 541 2665; x_wconf 89' lang='lat' dir='ltr'>iracundia</span> <span class='ocrx_word' id='word_1_162' title='bbox 561 2605 642 2664; x_wconf 90' lang='lat' dir='ltr'>nihil</span> <span class='ocrx_word' id='word_1_163' title='bbox 664 2611 826 2682; x_wconf 88' lang='lat' dir='ltr'>supererat</span> <span class='ocrx_word' id='word_1_164' title='bbox 847 2609 1009 2677; x_wconf 88' lang='lat' dir='ltr'>secretum,</span> <span class='ocrx_word' id='word_1_165' title='bbox 1024 2611 1061 2663; x_wconf 92' lang='lat' dir='ltr'>ut</span> <span class='ocrx_word' id='word_1_166' title='bbox 1075 2605 1166 2664; x_wconf 88' lang='lat' dir='ltr'>silen-</span> 
     </span>
     <span class='ocr_line' id='line_1_24' title="bbox 160 2710 1165 2788; baseline -0.004 -16"><span class='ocrx_word' id='word_1_167' title='bbox 160 2712 243 2772; x_wconf 88' lang='lat' dir='ltr'>tium</span> <span class='ocrx_word' id='word_1_168' title='bbox 257 2711 325 2772; x_wconf 91' lang='lat' dir='ltr'>eius</span> <span class='ocrx_word' id='word_1_169' title='bbox 338 2729 401 2770; x_wconf 89' lang='lat' dir='ltr'>non</span> <span class='ocrx_word' id='word_1_170' title='bbox 416 2711 557 2771; x_wconf 89' lang='lat' dir='ltr'>timeres:</span> <span class='ocrx_word' id='word_1_171' title='bbox 579 2710 743 2771; x_wconf 88' lang='lat' dir='ltr'>honestius</span> <span class='ocrx_word' id='word_1_172' title='bbox 757 2711 889 2788; x_wconf 88' lang='lat' dir='ltr'>putabat</span> <span class='ocrx_word' id='word_1_173' title='bbox 903 2710 1060 2768; x_wconf 85' lang='lat' dir='ltr'>offendere</span> <span class='ocrx_word' id='word_1_174' title='bbox 1072 2729 1165 2788; x_wconf 91' lang='lat' dir='ltr'>quam</span> 
     </span>
     <span class='ocr_line' id='line_1_25' title="bbox 160 2816 274 2878; baseline -0.018 0"><span class='ocrx_word' id='word_1_175' title='bbox 160 2816 274 2878; x_wconf 91' lang='lat' dir='ltr'>odisse.</span> 
     </span>
    </p>

    <p class='ocr_par' dir='ltr' id='par_1_4' title="bbox 158 2920 1207 3625">
     <span class='ocr_line' id='line_1_26' title="bbox 202 2920 1207 2998; baseline -0.001 -16"><span class='ocrx_word' id='word_1_176' title='bbox 202 2921 251 2982; x_wconf 76' lang='lat'>23.</span> <span class='ocrx_word' id='word_1_177' title='bbox 280 2922 399 2993; x_wconf 79' lang='lat' dir='ltr'>Quarta</span> <span class='ocrx_word' id='word_1_178' title='bbox 432 2927 534 2982; x_wconf 90' lang='lat' dir='ltr'>aestas</span> <span class='ocrx_word' id='word_1_179' title='bbox 569 2921 749 2982; x_wconf 86' lang='lat' dir='ltr'>obtinendis</span> <span class='ocrx_word' id='word_1_180' title='bbox 782 2940 862 2998; x_wconf 86' lang='lat' dir='ltr'>quae</span> <span class='ocrx_word' id='word_1_181' title='bbox 896 2926 1091 2998; x_wconf 87' lang='lat' dir='ltr'>percurrerat</span> <span class='ocrx_word' id='word_1_182' title='bbox 1120 2920 1207 2981; x_wconf 79' lang='lat' dir='ltr'>in-ao</span> 
     </span>
     <span class='ocr_line' id='line_1_27' title="bbox 159 3025 1164 3104; baseline -0.001 -17"><span class='ocrx_word' id='word_1_183' title='bbox 159 3032 306 3104; x_wconf 87' lang='lat' dir='ltr'>sumpta;</span> <span class='ocrx_word' id='word_1_184' title='bbox 341 3046 377 3086; x_wconf 91' lang='lat' dir='ltr'>ac</span> <span class='ocrx_word' id='word_1_185' title='bbox 405 3026 433 3087; x_wconf 91' lang='lat' dir='ltr'>si</span> <span class='ocrx_word' id='word_1_186' title='bbox 457 3026 559 3086; x_wconf 89' lang='lat' dir='ltr'>virtus</span> <span class='ocrx_word' id='word_1_187' title='bbox 586 3027 778 3086; x_wconf 85' lang='lat' dir='ltr'>exercituum</span> <span class='ocrx_word' id='word_1_188' title='bbox 808 3032 839 3085; x_wconf 89' lang='lat' dir='ltr'>et</span> <span class='ocrx_word' id='word_1_189' title='bbox 866 3027 1001 3085; x_wconf 83' lang='lat' dir='ltr'>Romani</span> <span class='ocrx_word' id='word_1_190' title='bbox 1028 3025 1164 3086; x_wconf 88' lang='lat' dir='ltr'>nominis</span> 
     </span>
     <span class='ocr_line' id='line_1_28' title="bbox 159 3131 1163 3209; baseline 0.001 -19"><span class='ocrx_word' id='word_1_191' title='bbox 159 3131 264 3209; x_wconf 85' lang='lat' dir='ltr'>gloria</span> <span class='ocrx_word' id='word_1_192' title='bbox 289 3137 459 3209; x_wconf 89' lang='lat' dir='ltr'>pateretur,</span> <span class='ocrx_word' id='word_1_193' title='bbox 481 3131 629 3192; x_wconf 88' lang='lat' dir='ltr'>inventus</span> <span class='ocrx_word' id='word_1_194' title='bbox 657 3131 691 3190; x_wconf 90' lang='lat' dir='ltr'>in</span> <span class='ocrx_word' id='word_1_195' title='bbox 718 3131 788 3209; x_wconf 92' lang='lat' dir='ltr'>ipsa</span> <span class='ocrx_word' id='word_1_196' title='bbox 813 3131 979 3190; x_wconf 87' lang='lat' dir='ltr'>Britannia</span> <span class='ocrx_word' id='word_1_197' title='bbox 1002 3131 1163 3191; x_wconf 88' lang='lat' dir='ltr'>terminus.</span> 
     </span>
     <span class='ocr_line' id='line_1_29' title="bbox 158 3235 1165 3314; baseline -0.003 -17"><span class='ocrx_word' id='word_1_198' title='bbox 158 3237 308 3314; x_wconf 85' lang='lat' dir='ltr'>Namque</span> <span class='ocrx_word' id='word_1_199' title='bbox 335 3237 426 3298; x_wconf 81' lang='lat' dir='ltr'>Clota</span> <span class='ocrx_word' id='word_1_200' title='bbox 453 3242 486 3296; x_wconf 89' lang='lat' dir='ltr'>et</span> <span class='ocrx_word' id='word_1_201' title='bbox 514 3236 663 3296; x_wconf 85' lang='lat' dir='ltr'>Bodotria</span> <span class='ocrx_word' id='word_1_202' title='bbox 687 3237 805 3296; x_wconf 90' lang='lat' dir='ltr'>diversi</span> <span class='ocrx_word' id='word_1_203' title='bbox 829 3236 925 3296; x_wconf 90' lang='lat' dir='ltr'>maris</span> <span class='ocrx_word' id='word_1_204' title='bbox 947 3235 1085 3296; x_wconf 88' lang='lat' dir='ltr'>aestibus</span> <span class='ocrx_word' id='word_1_205' title='bbox 1109 3255 1165 3313; x_wconf 87' lang='lat' dir='ltr'>per</span> 
     </span>
     <span class='ocr_line' id='line_1_30' title="bbox 159 3341 1163 3418; baseline -0.001 -17"><span class='ocrx_word' id='word_1_206' title='bbox 159 3341 339 3402; x_wconf 89' lang='lat' dir='ltr'>inmensum</span> <span class='ocrx_word' id='word_1_207' title='bbox 354 3347 505 3416; x_wconf 75' lang='lat' dir='ltr'>resectae,</span> <span class='ocrx_word' id='word_1_208' title='bbox 520 3347 654 3418; x_wconf 87' lang='lat' dir='ltr'>angusto</span> <span class='ocrx_word' id='word_1_209' title='bbox 669 3348 822 3401; x_wconf 88' lang='lat' dir='ltr'>terrarum</span> <span class='ocrx_word' id='word_1_210' title='bbox 837 3341 939 3418; x_wconf 89' lang='lat' dir='ltr'>spatio</span> <span class='ocrx_word' id='word_1_211' title='bbox 957 3341 1163 3400; x_wconf 90' lang='lat' dir='ltr'>dirimuntur:</span> 
     </span>
     <span class='ocr_line' id='line_1_31' title="bbox 158 3446 1207 3524; baseline -0.004 -18"><span class='ocrx_word' id='word_1_212' title='bbox 158 3447 247 3524; x_wconf 92' lang='lat' dir='ltr'>quod</span> <span class='ocrx_word' id='word_1_213' title='bbox 257 3453 325 3506; x_wconf 91' lang='lat' dir='ltr'>tum</span> <span class='ocrx_word' id='word_1_214' title='bbox 339 3446 506 3524; x_wconf 88' lang='lat' dir='ltr'>praesidiis</span> <span class='ocrx_word' id='word_1_215' title='bbox 520 3446 702 3506; x_wconf 90' lang='lat' dir='ltr'>firmabatur</span> <span class='ocrx_word' id='word_1_216' title='bbox 717 3452 810 3523; x_wconf 91' lang='lat' dir='ltr'>atque</span> <span class='ocrx_word' id='word_1_217' title='bbox 822 3446 921 3506; x_wconf 91' lang='lat' dir='ltr'>omnis</span> <span class='ocrx_word' id='word_1_218' title='bbox 937 3446 1063 3523; x_wconf 90' lang='lat' dir='ltr'>propior</span> <span class='ocrx_word' id='word_1_219' title='bbox 1077 3446 1165 3506; x_wconf 92' lang='lat' dir='ltr'>sinus</span> <span class='ocrx_word' id='word_1_220' title='bbox 1177 3457 1207 3502; x_wconf 82' lang='lat'>30</span> 
     </span>
     <span class='ocr_line' id='line_1_32' title="bbox 158 3551 1093 3625; baseline -0.002 -14"><span class='ocrx_word' id='word_1_221' title='bbox 158 3552 338 3625; x_wconf 89' lang='lat' dir='ltr'>tenebatur,</span> <span class='ocrx_word' id='word_1_222' title='bbox 367 3551 520 3611; x_wconf 88' lang='lat' dir='ltr'>submotis</span> <span class='ocrx_word' id='word_1_223' title='bbox 534 3551 622 3610; x_wconf 90' lang='lat' dir='ltr'>velut</span> <span class='ocrx_word' id='word_1_224' title='bbox 636 3551 669 3609; x_wconf 92' lang='lat' dir='ltr'>in</span> <span class='ocrx_word' id='word_1_225' title='bbox 684 3551 777 3610; x_wconf 90' lang='lat' dir='ltr'>aliam</span> <span class='ocrx_word' id='word_1_226' title='bbox 792 3551 928 3610; x_wconf 89' lang='lat' dir='ltr'>insulam</span> <span class='ocrx_word' id='word_1_227' title='bbox 942 3551 1093 3610; x_wconf 89' lang='lat' dir='ltr'>hostibus.</span> 
     </span>
    </p>

    <p class='ocr_par' dir='ltr' id='par_1_5' title="bbox 171 3647 1165 3740">
     <span class='ocr_line' id='line_1_33' title="bbox 171 3647 1165 3740; baseline 0.001 -23"><span class='ocrx_word' id='word_1_228' title='bbox 171 3647 182 3677; x_wconf 82' lang='lat'><em>&#39;</em></span> <span class='ocrx_word' id='word_1_229' title='bbox 202 3655 251 3723; x_wconf 77' lang='lat'>24.</span> <span class='ocrx_word' id='word_1_230' title='bbox 281 3656 397 3734; x_wconf 82' lang='lat' dir='ltr'>Quinto</span> <span class='ocrx_word' id='word_1_231' title='bbox 418 3657 654 3740; x_wconf 86' lang='lat' dir='ltr'>expeditionum</span> <span class='ocrx_word' id='word_1_232' title='bbox 675 3676 757 3720; x_wconf 84' lang='lat' dir='ltr'>anno</span> <span class='ocrx_word' id='word_1_233' title='bbox 776 3675 856 3716; x_wconf 88' lang='lat' dir='ltr'>nave</span> <span class='ocrx_word' id='word_1_234' title='bbox 875 3656 977 3740; x_wconf 89' lang='lat' dir='ltr'>prima</span> <span class='ocrx_word' id='word_1_235' title='bbox 995 3663 1165 3738; x_wconf 86' lang='lat' dir='ltr'>transgres-</span> 
     </span>
    </p>
   </div>
   <div class='ocr_carea' id='block_1_3' title="bbox 0 0 1444 4148">
    <p class='ocr_par' dir='ltr' id='par_1_6' title="bbox 0 0 1444 4148">
     <span class='ocr_line' id='line_1_34' title="bbox 0 0 1444 4148; baseline 0 2"><span class='ocrx_word' id='word_1_236' title='bbox 0 0 1444 4148; x_wconf 95' lang='lat' dir='ltr'> </span> 
     </span>
    </p>
   </div>
  </div>
 </body>
</html>
