2880 4148
576 215 782 266 cucusum.
1136 205 1178 270 41

176 389 327 466 frigorum
357 387 424 448 eius
451 387 536 448 modi
564 386 625 448 loci
653 387 810 464 molliunt,
830 394 862 448 et
884 388 911 449 si
932 389 1057 467 quando
1078 389 1179 474 hostis

176 495 314 571 advenit,
336 499 446 572 aperta
465 493 645 572 populatur,
669 493 777 553 abdita
800 499 905 553 autem
927 499 958 553 et
979 495 1105 556 defossa
1125 501 1180 559 aut

176 602 360 678 ignorantur
381 605 437 660 aut
456 599 583 676 eoipso
604 598 730 675 fallunt,
753 599 838 676 quod
859 600 1035 676 quaerenda
1056 606 1137 663 sunt.
1174 651 1176 664 .

217 704 265 767 1⁷.
294 706 454 781 Tegumen
468 704 611 764 omnibus
627 722 735 779 sagum
750 703 847 763 fibula
861 709 924 778 aut,
940 704 967 764 si
982 704 1073 780 desit,
1088 705 1181 783 spina

177 815 371 872 consertum:
393 815 498 870 cetera
520 809 631 869 intecti
651 814 734 868 totos
754 808 822 868 dies
847 807 936 869 iuxta
959 809 1064 868 focum
1085 816 1207 887 atquet

178 917 282 993 ignem
306 920 412 992 agunt.
461 914 716 998 Locupletissimi
737 919 824 974 veste
845 913 1096 990 distinguuntur,
1118 935 1180 975 non

178 1021 332 1095 fluitante,
358 1020 439 1082 sicut
464 1020 625 1080 Sarmatae
649 1038 685 1089 ac
709 1019 830 1094 Parthi,
853 1019 909 1079 sed
933 1019 1043 1079 stricta
1067 1025 1099 1078 et
1121 1020 1182 1080 sin-

179 1127 268 1204 gulos
302 1132 389 1186 artus
424 1125 625 1203 exprimente.
683 1125 804 1185 Gerunt
838 1129 871 1184 et
901 1125 1040 1184 ferarum
1071 1125 1180 1203 pellea,

178 1231 314 1311 proximi
331 1231 418 1308 ripae
435 1230 644 1308 neglegenter,
659 1229 824 1290 ulteriores
845 1229 1043 1306 exquisitius,
1060 1236 1095 1290 ut
1116 1231 1182 1308 qui-

178 1335 236 1396 bus
267 1333 376 1394 nullus
411 1353 466 1411 per
500 1335 675 1394 conmercia
704 1334 817 1394 cultus.
872 1335 1005 1412 Eligunt
1035 1336 1119 1396 feras
1150 1342 1224 1399 et1⁰

179 1441 321 1501 detracta
344 1439 501 1500 velamina
531 1444 684 1517 spargunt
714 1439 844 1500 maculis
875 1440 1073 1518 pellibusque
1099 1441 1183 1501 belu-

180 1563 277 1620 arum,
295 1563 373 1622 quas
389 1544 525 1605 exterior
542 1545 683 1605 Oceanus
701 1549 794 1622 atque
811 1545 954 1622 ignotum
970 1565 1054 1605 mare
1071 1546 1180 1623 gignit.

179 1652 247 1712 Nec
261 1650 343 1711 alius
357 1649 485 1710 feminis
498 1667 594 1727 quam
611 1649 688 1710 viris
706 1649 842 1725 habitus,
862 1650 925 1710 nisi
944 1651 1027 1727 quod
1046 1651 1183 1711 feminae

181 1755 305 1833 saepius
319 1754 412 1815 lineis
427 1754 593 1815 amictibus
608 1754 753 1814 velantur
768 1773 880 1832 eosque
896 1775 1035 1833 purpura
1048 1757 1182 1831 variant,

180 1866 362 1939 partemque
376 1860 511 1921 vestitus
527 1859 696 1937 superioris
716 1859 749 1918 in
766 1861 904 1920 manicas
922 1879 984 1919 non
999 1862 1181 1937 extendunt,
1197 1877 1225 1927 15

180 1968 283 2026 nudae
298 1965 444 2027 bracchia
460 1984 495 2026 ac
513 1965 659 2042 laoertos;
682 1966 737 2026 sed
754 1971 786 2026 et
803 1966 947 2044 proxima
960 1985 1032 2044 pars
1047 1967 1183 2044 pectoris

180 2076 277 2151 patet.

222 2176 269 2238 18.
298 2177 491 2254 Quamquam
525 2193 634 2236 severa
663 2175 730 2235 illio
761 2176 970 2252 matrimonia,
999 2195 1056 2237 nec
1084 2177 1183 2238 ullam

181 2301 302 2341 morum
324 2287 446 2359 partem
468 2281 567 2358 magis
588 2281 774 2342 laudaveris.
816 2281 900 2341 Nam
921 2300 1018 2360 prope
1036 2282 1096 2343 soli
1118 2283 1184 2343 bar-

181 2387 325 2448 barorum
345 2385 478 2462 singulis
495 2385 644 2446 uxoribus
661 2386 800 2446 contenti
823 2392 905 2462 sunt,
921 2387 1060 2465 exceptis
1082 2388 1184 2447 admo
1197 2401 1227 2447 20

180 2492 256 2552 dum
271 2491 389 2570 paucis,
404 2490 458 2568 qui
472 2510 535 2550 non
549 2490 690 2565 libidine,
703 2491 758 2551 sed
772 2491 811 2551 ob
825 2491 1023 2551 nobilitatem
1038 2492 1183 2569 plurimis

180 2597 302 2674 nuptiis
324 2597 513 2657 ambiuntur.
555 2597 669 2656 Dotem
690 2616 753 2656 non
775 2615 853 2655 uxor
875 2597 997 2672 marito,
1016 2598 1071 2658 sed
1092 2598 1183 2656 uxori

181 2702 313 2762 maritus
347 2701 447 2760 offert.
504 2701 668 2761 Intersunt
701 2706 847 2779 parentes
879 2707 910 2762 et
944 2702 1113 2780 propinqui
1147 2721 1183 2762 ac

181 2824 311 2866 munera
344 2807 486 2884 probant,
521 2824 650 2866 munera
686 2825 749 2865 non
783 2807 824 2865 ad
858 2807 986 2868 delicias
1021 2807 1183 2868 muliebris

182 2911 331 2990 quaesita
347 2929 404 2972 nec
428 2911 542 2989 quibus
564 2929 646 2971 nova
667 2916 768 2988 nupta
790 2918 937 2986 comatur,
960 2913 1015 2972 sed
1036 2913 1130 2972 boves
1152 2919 1184 2972 et
1197 2929 1225 2984 25

181 3016 341 3078 frenatum
362 3034 477 3094 equum
496 3022 529 3076 et
549 3021 673 3076 scutum
694 3034 764 3075 cum
785 3016 906 3076 framea
926 3017 1101 3094 gladioque.
1144 3018 1184 3083 In

181 3122 259 3182 haec
281 3140 411 3182 munera
431 3139 510 3181 uxor
532 3119 686 3199 accipitur
706 3125 799 3198 atque
822 3121 856 3179 in
876 3121 976 3180 vicem
997 3121 1067 3199 ipsa
1088 3141 1184 3182 armo

182 3247 251 3287 rum
273 3226 395 3304 aliquid
415 3226 483 3306 viro
504 3226 624 3287 adfert:
646 3225 705 3285 hoo
726 3203 900 3285 maximum
915 3227 1084 3302 vinculum,
1106 3227 1183 3288 haec

182 3350 297 3394 arcana
320 3349 416 3406 sacra,
438 3331 495 3392 hos
519 3331 698 3406 coniugales
723 3331 797 3390 deos
822 3331 1022 3392 arbitrantur.
1074 3333 1125 3391 Ne
1151 3351 1183 3392 se

182 3436 296 3497 mulier
323 3441 414 3496 extra
438 3435 590 3496 virtutum
618 3436 823 3512 cogitationes
851 3441 1003 3514 extraque
1029 3437 1180 3497 bellorum
1197 3457 1225 3502 30

182 3561 273 3604 casus
302 3547 407 3622 putet,
426 3541 504 3620 ipsis
531 3541 712 3619 incipientis
740 3541 933 3600 matrimonii
961 3541 1110 3618 auspiciis
1133 3541 1184 3600 ad·

183 3651 328 3708 monetur
342 3645 450 3711 venire
461 3664 503 3736 *se
520 3645 661 3716 laborum
676 3645 945 3734 periculorumque
961 3645 1084 3718 sociam,
1100 3645 1183 3702 idem
