2880 4148
257 174 299 237 30
570 181 601 230 P.
626 180 800 231 CORNELII
823 181 947 232 TACITI

256 354 501 433 triumphalibus
521 354 714 414 ornamentis
734 355 877 432 praedito
895 355 972 433 quid
991 355 1078 416 aliud
1096 357 1257 418 adstruere

256 462 384 522 fortuna
404 465 537 538 poterat,
558 459 626 519 filia
645 465 740 536 atque
760 478 857 520 uxore
877 461 1123 539 superstitibus?
1152 469 1257 541 potest

255 566 358 626 videri
382 566 478 625 etiarn
506 565 616 625 beatus
641 565 790 624 incolumi
814 566 978 642 dignitate,
1002 566 1133 628 florente
1160 569 1256 644 fama,

256 671 353 732 salvis
373 670 592 731 adfinitatibus
616 675 648 729 et
672 670 821 731 amicitiis
845 671 954 732 futura
975 671 1131 748 effugisse.
1172 675 1255 734 Nam

227 777 338 838 esicut
364 776 395 836 ei
423 794 486 835 non
510 775 601 834 licuit
629 775 742 834 durare
771 776 805 834 in
833 776 914 836 hanc
942 777 1116 838 beatissimi
1139 779 1255 839 saeculi

255 882 357 942 lucem
371 900 407 941 ac
421 880 594 958 principem
610 880 780 940 Traianum
794 881 909 956 videre,
921 882 1005 960 quod
1019 883 1149 959 augurio
1162 885 1256 945 votis-

255 1006 316 1066 que
337 986 421 1065 apud
441 992 565 1046 nostras
582 985 668 1046 auris
683 986 888 1061 ominabatur,
903 986 949 1046 ita
962 987 1131 1048 festinatae
1145 990 1254 1051 mortis

255 1093 373 1169 grande
391 1091 539 1153 solacium
558 1091 634 1150 tulit
654 1091 792 1151 evasisse
813 1097 1005 1168 postremum
1025 1093 1106 1152 illud
1121 1099 1254 1173 tempus,

255 1217 318 1277 quo
341 1197 542 1257 Domitianus
566 1214 630 1255 non
654 1196 716 1255 iam
738 1215 794 1273 per
817 1195 985 1257 intervalla
1008 1217 1043 1258 ao
1064 1198 1255 1276 spiramenta

213 1317 243 1364 10
255 1309 440 1380 temporum,
456 1302 511 1362 sed
531 1301 680 1361 continuo
700 1306 733 1360 11
748 1300 836 1361 velut
855 1320 918 1362 uno
933 1302 999 1362 ictu
1015 1321 1079 1363 rem
1095 1304 1254 1382 publicam

254 1408 408 1468 exhausit.

293 1512 342 1574 4⁵.
370 1513 443 1572 Non
464 1512 547 1571 vidit
567 1511 716 1588 Agricola
743 1511 900 1572 obsessam
921 1512 1040 1572 curiam
1060 1519 1093 1573 et
1112 1513 1252 1576 clausum

253 1619 349 1679 armis
369 1624 513 1678 senatum
531 1624 563 1677 et
583 1617 692 1676 eadem
713 1622 818 1694 strage
838 1623 887 1677 tot
907 1618 1117 1679 consularium
1132 1621 1251 1696 caedes,

251 1727 299 1780 tot
315 1720 581 1783 nobilissimarum
598 1722 788 1781 feminarum
810 1722 906 1783 exilia
924 1729 957 1783 et
971 1723 1072 1800 fugas.
1115 1727 1190 1787 Una
1202 1727 1253 1786 ad·

211 1843 239 1888 15
252 1827 313 1888 huc
329 1828 462 1887 victoria
481 1827 579 1887 Carus
598 1828 717 1888 Metius
738 1827 922 1888 censebatur
942 1835 975 1889 11
995 1829 1080 1890 intra
1095 1829 1250 1891 Albanam

252 1951 355 1992 arcem
376 1933 533 1994 sententia
556 1932 721 1993 Messalini
746 1933 904 2011 strepebat
925 1940 958 1994 11
984 1935 1092 1996 Massa
1116 1937 1251 1998 Baebius

251 2039 391 2098 nondum
415 2057 486 2098 reus
510 2043 594 2098 erat:
629 2057 702 2097 mox
726 2043 851 2098 nostrae
875 2039 991 2098 duxere
1011 2040 1196 2100 Helvidium
1217 2042 1251 2102 in

250 2161 405 2204 carcerem
439 2162 567 2218 manus;
602 2162 659 2203 nos
686 2143 821 2203 Maurici
855 2144 1042 2223 Rusticique
1057 2146 1165 2223 risus,
1193 2166 1250 2208 nos

250 2249 410 2308 innocenti
431 2249 582 2324 sanguine
607 2248 737 2308 Senecio
761 2248 909 2326 perfudit.
952 2249 1038 2310 Nero
1055 2255 1161 2311 tamen
1182 2252 1251 2312 sub

207 2372 237 2419 ao
249 2353 349 2414 traxit
365 2353 470 2414 oculos
488 2372 560 2414 suos
576 2353 732 2431 iussitque
750 2353 875 2428 scelera,
890 2373 953 2413 non
971 2356 1143 2432 spectavit:
1165 2376 1250 2434 prae

249 2459 343 2536 cipua
373 2459 431 2519 sub
459 2459 641 2518 Domitiano
668 2458 866 2518 miseriarum
896 2477 967 2536 pars
997 2466 1064 2520 erat
1083 2460 1190 2520 videre
1216 2467 1249 2522 et

248 2564 378 2642 adspici‚
393 2583 464 2624 cum
485 2564 621 2642 suspiria
639 2569 748 2624 nostra
768 2563 1043 2641 subscriberentur,
1067 2584 1139 2626 curn
1159 2567 1250 2627 deno·

248 2669 353 2730 tandis
364 2675 412 2729 tot
426 2669 587 2728 hominum
599 2668 771 2746 palloribus
784 2667 938 2729 sufficeret
952 2688 1063 2732 saevus
1075 2671 1129 2732 ille
1140 2671 1248 2734 vultus

187 2817 190 2827 1
248 2780 281 2835 et
294 2775 395 2850 rubor,
411 2793 472 2852 quo
487 2793 519 2835 se
534 2779 642 2834 contra
656 2774 806 2852 pudorem
820 2774 988 2836 muniebat.

689 2961 832 3024 Epiloguc.

203 3096 233 3142 ts
285 3086 335 3145 Tu
354 3103 429 3144 vero
455 3083 545 3159 felix,
566 3083 721 3160 Agricola,
747 3103 810 3144 non
836 3084 921 3146 vitae
945 3091 1069 3145 tantum
1092 3084 1247 3162 claritate,

246 3191 302 3251 scd
318 3190 413 3250 etiarn
427 3190 662 3267 opportunitate
676 3189 794 3250 mortis.
838 3192 885 3252 Ut
899 3191 1066 3268 perhibent
1082 3191 1138 3269 qui
1154 3191 1248 3252 inter-

245 3296 376 3355 fuerunt
398 3294 577 3355 novissimis
605 3295 799 3355 sermonibus
823 3295 897 3370 tuis,
919 3301 1066 3356 constans
1090 3301 1122 3356 et
1143 3295 1246 3358 libens

245 3401 347 3460 fatum
375 3399 535 3477 excepisti,
558 3405 716 3477 tamquam
744 3419 801 3477 pro
821 3401 908 3460 virili
935 3401 1079 3478 portione
1103 3401 1251 3468 innocen:

245 3504 323 3564 tiam
343 3504 479 3582 principi
501 3505 641 3564 donares.
697 3503 759 3563 Sed
786 3505 865 3564 mihi
894 3505 1040 3584 filiaeque
1066 3508 1134 3569 eius
1162 3529 1246 3587 prae·

203 3620 233 3670 10
246 3614 294 3668 111
315 3608 514 3669 acerbitatem
538 3609 678 3689 parentis
699 3609 800 3690 erepti
825 3616 918 3690 auget
939 3612 1139 3690 maestitiam,
1161 3615 1245 3697 quod
