2880 4148
585 239 783 292 acarconn.
1145 231 1185 295 31

181 415 325 476 adsidere
340 415 524 490 valetudini,
540 415 646 475 fovere
661 414 867 490 deficientem,
880 413 988 474 satiari
1003 413 1095 474 vultu
1108 433 1187 474 com-

181 521 339 598 plexuque
370 540 433 579 non
462 519 603 596 contigit.
656 519 896 596 Excepissemus
924 525 1007 580 certe
1036 521 1186 580 mandata

181 643 343 704 vocesque,
365 645 444 704 quas
473 626 600 703 penitus
629 625 733 686 animo
762 625 936 701 figeremus.
992 626 1109 684 Noster
1133 625 1185 685 hio

181 731 279 805 dolor,
300 737 442 791 nostrum
462 731 586 806 vulnus,
609 731 699 791 nobis
720 736 785 791 tam
807 730 917 805 longae
939 729 1099 790 absentiae
1116 749 1185 790 con-

180 836 304 896 dicione
330 842 404 896 ante
432 836 674 914 quadriennium
702 835 834 896 amissus
863 841 918 895 est.
975 835 1088 896 Omnia
1116 835 1211 895 sinet

180 941 285 1016 dubio,
310 941 427 1019 optime
454 947 628 1019 parentum,
655 941 818 1000 adsidente
850 940 1067 1000 amantissima
1088 960 1183 1001 uxore

180 1046 364 1123 superfuere
380 1047 492 1106 honori
510 1052 582 1106 tuo:
611 1046 810 1124 paucioribus
829 1051 936 1105 tamen
953 1045 1090 1106 lacrimis
1105 1065 1184 1105 ccm-

180 1150 321 1228 ploratus
342 1169 376 1212 es
407 1157 440 1211 et
463 1151 635 1212 novissima
659 1151 693 1210 in
721 1151 791 1211 luce
818 1151 1034 1211 desideravere
1062 1150 1183 1228 aliquid

179 1255 263 1316 oculi
276 1255 333 1316 tui.

219 1359 269 1422 46.
299 1361 334 1421 Si
356 1360 426 1439 quis
447 1361 572 1439 piorum
592 1361 736 1422 manibus
757 1362 852 1436 locuS,
871 1361 907 1436 si,
929 1366 966 1420 ut
987 1361 1182 1438 sapientibus
1197 1375 1225 1422 10

180 1465 293 1544 placet,
321 1485 384 1525 non
408 1485 479 1526 cum
503 1485 630 1544 corpore
651 1467 878 1542 extinguuntur
898 1485 1029 1542 magnae
1050 1466 1182 1543 animae,

179 1570 303 1647 placide
325 1571 475 1648 quiescas,
493 1591 612 1649 nosque
631 1577 663 1631 et
682 1572 808 1631 domurn
829 1576 917 1630 tuam
938 1571 976 1630 ab
995 1571 1119 1630 infirmo
1134 1572 1183 1631 de

180 1675 297 1734 siderio
319 1681 350 1735 et
370 1676 574 1737 muliebribus
595 1676 742 1736 lamentis
760 1677 800 1736 ad
815 1676 1109 1754 contemplationem
1124 1677 1183 1735 vir-

179 1785 284 1839 tutum
302 1785 427 1840 tuarum
444 1800 544 1856 voceS,
560 1801 637 1859 quas
656 1762 757 1858 neque
774 1781 876 1858 lugeri
892 1799 993 1858 neque
1011 1781 1118 1858 plangi
1132 1782 1182 1842 fas

180 1891 236 1944 est.
279 1884 498 1946 Admiratione
517 1887 623 1964 potius
642 1891 673 1946 et
692 1886 912 1946 inmortalibus
931 1886 1076 1946 laudibus
1096 1892 1136 1961 et,
1155 1886 1182 1946 si
1196 1898 1224 1944 15

179 1995 294 2051 natura
328 1991 516 2068 suppeditet,
545 1991 754 2051 similitudino
782 1996 814 2050 te
842 1991 997 2051 colamus:
1034 1992 1061 2052 is
1089 2010 1182 2053 verus

180 2094 288 2170 honos,
304 2114 341 2156 ea
355 2096 604 2156 coniunctissimi
621 2097 771 2174 cuiusque
791 2096 901 2174 pietas.
945 2097 984 2155 Id
1005 2095 1089 2156 filiae
1110 2117 1183 2174 quc

180 2219 241 2277 que
261 2200 414 2277 uxorique
435 2201 655 2278 praeceperim,
675 2201 720 2261 sic
744 2201 853 2278 patris,
871 2201 916 2262 sic
940 2201 1047 2261 mariti
1071 2221 1183 2260 memo

179 2304 258 2364 riam
287 2305 439 2382 venerari,
467 2311 504 2366 ut
537 2305 642 2366 omnia
675 2306 762 2366 facta
795 2306 941 2383 dictaque
976 2307 1043 2366 eius
1078 2325 1182 2366 secum

179 2409 353 2485 revolvant,
381 2411 576 2488 formamque
604 2429 639 2471 ac
669 2410 802 2486 figuram
832 2411 929 2470 animi
958 2411 1058 2486 magis
1088 2431 1181 2488 quarn
1194 2425 1224 2471 20

180 2513 319 2591 corporis
339 2515 595 2592 complectantur,
617 2534 680 2574 non
701 2515 776 2592 quia
796 2515 1052 2575 intercedendum
1073 2521 1182 2594 putem

179 2618 370 2695 imaginibus
395 2639 474 2696 quac
503 2639 656 2680 marmore
682 2625 738 2680 aut
758 2639 829 2680 aero
856 2620 1028 2697 finguntur,
1057 2621 1121 2697 sed,
1146 2627 1182 2680 ut

179 2723 288 2784 vultus
306 2723 477 2799 hominum,
497 2725 544 2785 ita
563 2725 729 2785 simulacra
746 2725 855 2786 urrltus
876 2726 1034 2786 imbecilla
1050 2745 1086 2786 ac
1105 2745 1183 2786 mor-

179 2827 259 2888 talia
280 2833 361 2904 sunt,
379 2829 482 2889 forma
501 2829 616 2890 mentis
637 2836 772 2906 aeterna,
788 2849 882 2908 quam
902 2836 1008 2890 tenere
1029 2836 1062 2890 ct
1083 2831 1183 2908 expri-
1231 2859 1234 2864 ·

179 2951 265 2992 mere
283 2952 346 2992 non
364 2952 420 3012 per
439 2933 574 2994 alienam
591 2935 754 2994 materiam
773 2940 805 2994 et
824 2941 931 3011 artem,
953 2937 1007 2996 sed
1028 2935 1092 2996 tuis
1113 2936 1181 3014 ipse
1194 2948 1224 2994 25

179 3037 319 3098 moribus
336 3039 446 3116 possis.
488 3039 650 3117 Quidquid
667 3059 706 3098 ex
725 3040 873 3116 Agricola
891 3041 1074 3116 amavimus,
1095 3041 1183 3118 quid·

179 3141 258 3220 quid
279 3141 385 3202 mirati
406 3163 521 3218 sumus,
543 3149 649 3203 manet
669 3163 912 3223 mansurumque
934 3151 982 3206 est
1004 3145 1038 3204 in
1067 3145 1181 3206 animis

179 3245 351 3321 hominurn,
379 3246 413 3306 in
447 3248 632 3308 aeternitate
667 3253 851 3326 temporum,
880 3250 914 3308 in
948 3250 1035 3310 fama
1068 3269 1180 3309 rerum.

178 3351 265 3410 Nam
280 3351 395 3411 multos
413 3357 552 3412 veterum
571 3353 658 3413 velut
677 3353 827 3431 inglorios
847 3360 879 3414 et
900 3353 1047 3430 ignobilis
1064 3353 1181 3415 oblivio

179 3454 301 3515 obruit:
325 3454 472 3531 Agricola
495 3457 674 3536 posteritati
696 3464 840 3521 narratus
865 3464 897 3521 et
921 3458 1058 3520 traditus
1078 3474 1223 3538 super-³0

180 3565 246 3622 stes
268 3559 336 3624 erit.
