2880 4148
255 172 297 236 28
368 163 370 168 ’
446 177 451 188 ’
572 182 601 233 r.
622 181 795 233 coruum
817 183 943 235 ruorrr

254 356 352 416 livore
367 375 497 433 pronum
510 355 716 416 deterioribus
731 356 904 434 principem
915 355 1168 418 exstimulabant.
1206 360 1257 421 Sic

253 462 401 537 Agricola
425 461 519 522 simul
543 461 608 521 suis
629 461 810 536 virtutibus,
836 461 930 521 simul
951 462 1040 523 vitiis
1065 463 1198 524 aliorum
1222 465 1256 526 in

252 567 354 644 ipsam
369 567 498 642 gloriam
513 584 661 643 praeceps
677 567 834 642 agebatur.

248 633 341 732 y42.
369 672 491 731 Aderat
511 672 574 731 iam
595 690 706 746 annus,
724 690 786 748 quo
806 673 1059 748 proconsulatum
1074 674 1203 735 Africae
1224 683 1256 737 et

224 778 348 838 cAsiae
373 777 546 849 sortiretur,
572 783 604 835 et
624 776 730 835 occiso
755 777 863 837 Civica
886 797 986 855 nuper
1010 797 1066 838 uec
1088 779 1255 856 Agricolae

251 882 418 942 consilium
440 882 547 940 deerat
567 899 624 940 nec
645 881 828 940 Domitiano
848 883 1033 960 exemplum.
1086 885 1255 946 Accessere

252 988 379 1064 quidam
400 986 624 1062 cogitationum
646 986 798 1064 principis
820 987 923 1063 periti,
938 988 993 1064 qui
1012 988 1155 1050 iturusne
1172 998 1255 1052 esset

252 1092 285 1150 in
306 1091 499 1169 provinciam
519 1091 602 1150 ultro
617 1091 798 1167 Agricolam
813 1091 1049 1169 interrogarent.
1092 1094 1139 1154 Ac
1153 1095 1255 1172 primo

251 1197 403 1256 occultius
426 1196 563 1273 quietem
587 1202 619 1255 et
640 1196 740 1254 otium
764 1196 902 1271 laudare,
925 1216 997 1257 mox
1017 1217 1143 1276 operam
1165 1218 1254 1260 suam

210 1315 239 1361 10
251 1303 285 1360 in
313 1301 514 1379 adprobanda
541 1301 741 1361 excusatione
769 1301 890 1376 offerre,
916 1308 1073 1380 postremo
1099 1323 1163 1362 nou
1189 1305 1253 1364 iam

251 1408 375 1468 obscuri
413 1407 580 1466 suadentes
615 1405 709 1466 simul
745 1411 960 1484 terrentesque
995 1414 1175 1485 pertraxere
1213 1410 1253 1469 ad

251 1513 476 1573 Domitianum.
520 1511 581 1582 Qui
602 1517 729 1589 paratus
751 1511 960 1588 simulatione,
981 1513 1016 1572 in
1037 1514 1251 1590 adrogantiam

250 1619 450 1696 compositus,
472 1624 505 1677 et
531 1617 634 1678 audiit
661 1635 776 1694 preces·
793 1635 826 1677 se
847 1618 1026 1679 excusantis
1048 1625 1089 1694 et,
1110 1639 1181 1680 cum
1202 1621 1254 1681 ed·

251 1724 379 1798 unisset,
395 1723 446 1799 agi
466 1722 527 1782 sibi
547 1722 664 1798 gratias
683 1741 794 1799 passus
813 1729 871 1797 est,
886 1741 942 1782 nec
963 1725 1088 1784 erubuit
1108 1725 1252 1785 beneficii

209 1842 237 1887 ro
250 1829 378 1888 invidia.
426 1827 580 1888 Salarium
608 1833 714 1886 tamen
742 1827 961 1904 proconsulare
990 1829 1118 1889 solitum
1146 1831 1251 1890 offerri

250 1940 283 1993 et
303 1933 491 2010 quibusdam
512 1951 531 1990 a
551 1949 584 1992 se
605 1931 674 2008 ipso
693 1950 872 1991 concessum
889 1933 1055 2010 Agricolae
1074 1953 1137 1993 non
1153 1935 1251 2010 dedit,

251 2039 317 2099 sive
338 2039 475 2098 offensus
497 2056 559 2096 non
580 2036 724 2114 petitum,
747 2037 813 2097 sive
834 2055 872 2096 ex
893 2039 1093 2114 couscientia,
1107 2058 1147 2099 ne
1168 2041 1252 2118 quod

249 2149 392 2204 vetuerat
419 2143 579 2202 videretur
607 2141 728 2201 emisse.
782 2142 948 2219 Proprium
976 2143 1105 2204 hnmani
1133 2145 1251 2221 ingenii

249 2255 298 2310 est
319 2249 422 2308 odisse
447 2266 540 2325 quem
564 2247 707 2307 laeseris:
737 2247 911 2307 Domitiani
935 2266 1009 2308 vero
1032 2255 1146 2309 natura
1167 2270 1252 2328 prae

207 2370 237 2416 20
249 2374 322 2432 ceps
342 2355 377 2412 in
398 2354 486 2428 iram,
504 2359 537 2412 et
557 2371 619 2430 quo
640 2352 807 2426 obscurior,
827 2363 864 2411 eo·
884 2353 1130 2429 inrevocabilior,
1150 2357 1252 2416 mode-

249 2460 369 2520 ratione
393 2465 499 2518 tameu
523 2457 752 2535 prudentiaque
776 2457 941 2532 Agricolae
969 2458 1153 2535 leniebatur,
1176 2462 1252 2539 quia

249 2584 311 2624 non
332 2563 528 2624 coutumacia
545 2581 647 2640 neque
666 2563 753 2622 inani
771 2563 940 2623 iactatione
960 2563 1115 2625 libertatis
1133 2567 1250 2626 famam

249 2671 413 2748 fatumque
433 2668 629 2746 provocabat.
673 2667 790 2742 Sciant,
806 2669 920 2744 quibus
942 2669 1037 2729 moris
1059 2675 1108 2730 est
1128 2670 1251 2731 inlicita

248 2775 365 2850 mirari,
386 2792 478 2852 posse
499 2773 594 2833 etiam
617 2773 674 2832 sub
696 2773 788 2832 malis
808 2773 1001 2850 principibus
1021 2793 1150 2850 magnos
1165 2777 1249 2837 viros

206 2893 235 2938 ao
248 2899 325 2954 esse,
341 2878 585 2956 obsequiumque
607 2896 642 2936 ac
663 2877 858 2953 modestiam,
881 2877 908 2937 si
930 2878 1085 2939 industria
1106 2899 1140 2940 ac
1163 2881 1250 2958 vigor

248 2985 362 3060 adsint,
386 3003 422 3043 eo
446 2983 549 3043 laudis
573 2982 748 3056 escendere,
776 3001 837 3058 quo
862 2982 1003 3059 plerique
1027 3003 1082 3061 per
1107 2985 1249 3063 abrupta,

248 3090 303 3150 sed
335 3090 368 3148 in
401 3088 522 3147 nullum
559 3087 604 3147 rei
639 3087 781 3164 publicae
817 3107 916 3162 usum,
952 3087 1117 3149 ambitiosa
1150 3097 1250 3150 morte

247 3194 468 3254 inclaruerunt.

541 3369 696 3433 Aqrieolo'e
710 3370 798 3420 Decet
813 3369 858 3434 (93
871 3369 953 3434 u.n.).

286 3512 335 3574 43.
365 3511 454 3571 Finis
480 3511 562 3570 vitae
588 3511 655 3571 eius
682 3511 772 3571 nobis
798 3510 969 3585 luctuosus,
998 3511 1107 3572 amicis
1136 3512 1247 3588 tristis,

204 3617 404 3679 adextraueis
426 3617 521 3676 etiam
543 3615 720 3694 ignotisque
742 3635 804 3675 uon
826 3617 894 3677 siue
916 3636 991 3677 cura
1011 3618 1082 3678 fuit.
1126 3619 1248 3695 Vulgus
