2880 4148
240 213 281 278 34
552 225 581 274 r.
608 224 781 276 connum
804 223 929 275 rnorrr

239 398 432 476 Raetiaeque
454 396 555 457 adhue
577 404 690 459 extare.
733 399 817 470 Quae
835 417 935 477 neque
955 398 1135 460 confirmare
1155 417 1242 477 argu-

239 503 354 563 mentis
369 522 470 581 neque
485 504 628 563 refellere
644 505 677 563 in
692 504 796 564 animo
810 511 874 564 est:
894 523 934 563 ex
949 504 1075 580 ingenio
1089 524 1145 565 suo
1159 505 1241 583 qnis-

240 627 300 686 que
318 609 422 668 demat
435 608 486 668 vel
501 608 598 669 addat
611 609 713 668 fidem.

279 712 308 773 4.
338 714 412 791 Ipse
444 732 550 773 eorum
583 713 783 791 opinionibus
815 715 936 790 aceede,
966 715 1020 792 qui
1054 715 1241 776 Germaniae

213 819 373 896 opopnlos
394 819 490 879 nullis
512 819 583 879 aliis
605 819 736 878 aliarum
759 820 922 879 nationum
943 820 1085 880 conubiis
1108 820 1242 881 infectos

241 924 399 1001 propriam
427 929 459 983 et
486 923 638 984 sinceram
666 929 698 984 et
726 929 850 983 tanturn
878 925 927 984 sui
955 924 1090 984 similem
1118 931 1243 1002 gentem

241 1028 385 1088 extitisse
406 1027 605 1088 arbitrantur.
662 1029 757 1090 Unde
778 1029 904 1089 habitus
926 1047 1049 1106 quoque
1070 1048 1241 1107 corporum,

242 1151 431 1210 quamquam
456 1133 489 1191 in
513 1139 603 1193 tanto
627 1133 788 1192 hominum
814 1153 953 1208 numero,
975 1134 1058 1193 idem
1081 1133 1241 1194 omnibus:

242 1244 345 1298 truces
366 1243 398 1297 et
417 1237 551 1298 eaerulei
570 1238 661 1313 oeuli,
678 1238 792 1298 rutilae
809 1257 922 1313 nomae,
938 1257 1052 1314 magna
1065 1257 1195 1317 corpora
1211 1245 1243 1300 et

201 1359 230 1404 10
241 1348 364 1403 tantum
386 1343 426 1402 ad
447 1343 598 1420 impetum
621 1343 743 1403 valida:
773 1343 888 1404 laboris
912 1349 1007 1422 atque
1030 1363 1158 1422 operum
1180 1363 1243 1404 nou

242 1448 349 1508 eadem
375 1448 537 1525 patientia,
562 1448 753 1526 minimeque
777 1448 865 1509 sitim
890 1455 1073 1526 aestumque
1100 1449 1243 1526 tolerare,

242 1553 361 1628 frigora
381 1558 474 1631 atque
495 1553 631 1613 inediam
653 1553 739 1614 eaelo
760 1553 887 1630 soloque
908 1554 1124 1614 adsueverunt.

533 1735 586 1784 Tte
604 1735 683 1785 Laud
698 1735 753 1785 ared
770 1737 804 1786 ite
821 1735 960 1786 Prodente.

282 1857 310 1918 5.
339 1860 436 1918 Terra
452 1858 513 1918 etsi
529 1858 690 1935 aliquanto
705 1858 807 1935 speeie
822 1858 938 1933 differt,
953 1858 987 1917 in
1002 1858 1183 1919 universum
1200 1863 1245 1919 ta·

242 1981 313 2022 men
330 1968 385 2022 aut
402 1962 491 2023 silvis
506 1963 634 2022 horrida
650 1969 705 2022 aut
723 1963 892 2040 paludibus
909 1964 1010 2038 foeda,
1029 1963 1165 2022 umidior
1181 1982 1245 2041 qua

199 2085 227 2130 15
243 2065 374 2140 Galliae,
389 2065 548 2126 ventosior
569 2085 631 2142 qua
651 2067 682 2124 N
685 2066 803 2125 oricum
822 2085 858 2126 ae
877 2067 1071 2126 Pannoniam
1092 2065 1246 2144 adspicit3

241 2171 319 2230 satis
342 2171 441 2244 ferax,
457 2171 680 2244 frugiferarum
702 2171 847 2230 arborum
864 2172 930 2253 [in]
950 2172 1082 2249 patiens,
1100 2189 1246 2249 pecorum

241 2275 384 2349 fecunda,
399 2276 454 2334 sed
469 2276 652 2352 plerumque
667 2276 847 2352 improoera
887 2277 936 2335 Ne
952 2276 1102 2336 armentis
1119 2275 1244 2354 quidem

242 2399 316 2439 suus
340 2380 439 2439 honor
465 2385 497 2439 et
522 2380 622 2456 gloria
646 2380 779 2440 frontis:
805 2399 934 2440 numero
961 2381 1107 2456 gaudent,
1130 2398 1246 2457 eaeque

243 2479 327 2540 solae
345 2486 377 2539 et
394 2480 590 2555 gratissimae
605 2498 679 2557 opes
695 2486 776 2540 sunt.
819 2481 994 2556 Argentum
1008 2487 1041 2540 et
1055 2500 1165 2540 aurum
1178 2501 1246 2559 pro

199 2597 229 2642 ao
242 2584 355 2661 pitiine
367 2603 407 2644 an
422 2584 495 2644 irati
510 2584 543 2643 di
557 2584 741 2660 negaverint
752 2585 871 2644 dubito,
908 2586 976 2645 Neo
986 2591 1092 2646 tamen
1103 2586 1244 2646 adfirma

242 2689 341 2748 verim
372 2688 493 2748 nullam
529 2689 716 2749 Germaniae
750 2707 862 2749 venam
897 2695 1061 2766 argentum
1095 2709 1244 2750 aurumve

242 2794 384 2870 gignere:
414 2793 484 2871 quis
507 2793 590 2852 eninr
612 2799 770 2854 scrutatus
790 2797 864 2855 est?
906 2795 1108 2855 Possessione
1131 2801 1163 2855 et
1184 2815 1245 2858 usu

241 2899 326 2958 haud
340 2898 469 2976 perinde
484 2898 680 2958 adficiuntur.
723 2899 782 2958 Est
793 2899 899 2958 videre
913 2899 997 2977 apud
1011 2899 1083 2960 illos
1097 2906 1245 2976 argentea

241 3022 325 3079 vasa,
347 3003 459 3078 legatis
480 3009 512 3062 et
533 3003 727 3080 principibus
750 3022 856 3064 eorum
878 3004 1001 3064 muneri
1022 3004 1104 3080 data,
1126 3005 1243 3064 nonin

98 3175 101 3182 ¹
198 3124 227 3169 25
241 3107 305 3168 alia
335 3107 459 3167 vilitate
488 3127 582 3185 quarn
610 3127 689 3185 quae
718 3109 814 3168 humo
845 3108 1023 3185 finguntur;
1054 3128 1242 3186 quamquam

239 3214 374 3292 proximi
402 3214 441 3273 ob
466 3234 556 3274 usum
581 3213 823 3273 eoumereiorum
843 3231 953 3272 aurum
974 3219 1006 3273 et
1026 3219 1189 3291 argentum
1209 3213 1243 3272 in

240 3315 341 3394 pretio
352 3315 468 3374 habent
483 3315 661 3392 formasque
673 3317 824 3392 quasdam
835 3323 959 3378 nostrae
970 3318 1119 3395 pecuniae
1130 3318 1243 3394 adgno

241 3425 331 3480 seunt
353 3425 446 3497 atque
468 3419 605 3495 eligunt:
635 3420 799 3482 interiores
825 3422 1000 3499 simplicius
1025 3429 1057 3482 et
1081 3423 1241 3501 antiquius

240 3525 468 3602 permutatione
484 3525 632 3583 mercium
646 3532 785 3586 utuntur.
828 3528 998 3586 Pecuniam
1013 3528 1146 3605 probant
1161 3533 1241 3588 vete

197 3642 306 3690 aorem
328 3635 359 3688 et
382 3629 435 3689 diu
460 3635 575 3704 notam,
597 3636 731 3691 serratos
759 3632 951 3709 bigatosque.
1004 3633 1241 3709 Argentumque
