2840 4132
402 653 441 726 P.
475 627 711 728 cornuin
742 653 913 731 unum

454 836 504 885 Du
525 837 615 887 VITA
635 839 682 888 ΕΤ
705 839 868 891 MORIBUS

259 993 487 1089 IULH
547 994 1063 1095 AGRIOOLAE

581 1197 732 1262 ιιΒιιιι.

561 1383 754 1434 Introduction.

198 1506 225 1566 1.
254 1505 459 1567 Clarorum
430 1524 567 1564 vrrorum
587 1506 672 1566 facta
691 1489 853 1606 moresque
871 1509 1005 1613 posteris
1025 1461 1157 1596 tradere,

158 1611 332 1688 antiquitus
318 1572 689 1728 qus1tatun1,1le{nost-iis
705 1612 831 1690 quidem
847 1614 1039 1691 temporibus
1054 1577 1159 1693 qriam-

155 1735 251 1792 quam
278 1716 435 1775 incuriosa
463 1735 587 1775 suorum
616 1723 702 1776 aetas
730 1717 846 1793 omisit,
872 1725 949 1829 qqot
951 1721 1018 1780 iens
1045 1741 1097 1780 ma
1119 1741 1159 1781 na

158 1820 264 1898 aliqua
284 1839 319 1880 ac
340 1821 455 1892 nqbilis
476 1821 577 1880 virtus
600 1822 675 1881 vicit
697 1805 732 1881 dc
716 1841 955 1899 csupergressa
975 1829 1024 1883 est
1046 1741 1158 1901 usion

157 1925 263 2002 parvis
279 1906 462 2002 magnisque
477 1926 554 1985 civit
541 1927 658 1986 tatibus
673 1945 835 1998 conmnne,
851 1927 1058 2018 ignorantiam
1081 1928 1156 1986 recti
1172 1946 1185 1988 5

157 2030 394 2092 etinvidian1.¹
388 2011 470 2088 sed
485 2030 569 2106 apud
580 2029 708 2106 priores,
718 2037 753 2088 ιιπ
769 2049 859 2105 agere
875 2031 970 2108 digna
985 2039 1158 2092 memoratu

157 2148 287 2214 pronum
298 2137 459 2212 magisque
471 2135 505 2192 in
520 2144 627 2212 aperto
643 2141 741 2206 erat,1
744 2142 777 2196 a
732 2119 1010 2197 celeberrimus
1025 2113 1156 2216 quisque

156 2223 281 2317 ingenio
296 2241 335 2300 ad
350 2240 549 2317 prodendam
558 2240 684 2300 virtutis
700 2242 889 2315 memoriam,
906 2243 973 2300 sine
988 2243 1089 2337 gratia
1103 2249 1158 2302 aut

157 2346 335 2468 ambitiope,
358 2346 455 2405 bonae
480 2351 603 2435 tantum
626 2345 832 2452 conscienqiae
854 2353 923 2423 pret
925 2347 954 2405 ἰο
911 2327 1109 2417 educebat
1111 2343 1175 2406 ur!

156 2443 203 2512 Aa
228 2451 370 2564 plerique
399 2469 486 2510 suam
495 2437 592 2540 ipsi
600 2444 699 2508 vitam
727 2469 852 2509 narrare
877 2451 1024 2510 fiduciam
1052 2453 1156 2528 potius
1171 2467 1200 2512 10
1279 2449 1282 2454 ’

156 2577 275 2616 morum
298 2565 392 2634 quam
414 2554 628 2631 adrogantiam
647 2554 959 2630 arbitt'ratisunt‚11ec
980 2557 1014 2614 id
1034 2556 1158 2616 Rutilio

77 2741 81 2748 .
156 2668 190 2721 ei
204 2662 318 2720 Scauro
329 2662 409 2720 citra
422 2660 514 2719 fidem
527 2657 581 2720 a'ut
595 2661 649 2719 obt
636 2665 748 2719 tractat
750 2659 814 2718 ioni
832 2660 1009 2758 fuitusadeo
1023 2661 1157 2722 virtutes

136 2767 257 2827 *isdem
277 2766 471 2844 temporibus
493 2765 610 2875 optime
632 2783 687 2846 aes
690 2765 843 2881 timqntur
867 2765 980 2847 quibus
1006 2766 1156 2857 facillime

155 2873 335 2949 gignuntur.
377 2871 423 2930 Απ
442 2889 535 2953 nunq
546 2865 708 2930 narraturo
729 2869 808 2928 mihi
827 2871 925 2930 vitam
945 2871 1087 2930 defuncti
1106 2860 1157 2930 ho

154 2977 250 3037 minis
269 2939 363 3036 veriia
383 2943 472 3053 opui‘
485 2975 557 3050 fuir,
580 2994 673 3052 quam
698 2994 761 3033 non
784 2976 934 3052 petissem
958 2976 1156 3037 incusaturus
1170 2995 1198 3040 15

111 3101 130 3134 ι·
154 3089 220 3142 tam
240 3100 334 3142 saeva
352 3086 385 3140 et
403 3080 521 3140 infesta
538 3080 709 3140 virtutibus
726 3085 874 3157 tempora.

134 3195 162 3211 ²
196 3185 224 3246 2
254 3187 411 3261 Legimus,
423 3203 493 3244 cum
505 3185 644 3243 Aruleno
659 3184 750 3244 Rust
728 3190 789 3243 troo
804 3185 920 3244 Paetus
936 3179 1088 3262 Thrasea,
1095 3187 1157 3246 He-

154 3291 265 3352 rennio
282 3290 445 3351 Senecioni
459 3286 591 3350 ¹[Priscus
613 3289 782 3348 Helvidius
805 3289 924 3348 laudati
942 3297 1059 3396 pascui,
1052 3293 1158 3370 ,qapi-

154 3397 219 3458 tale
240 3395 348 3477 fuisse,
366 3410 466 3474 neque
489 3393 522 3453 in
539 3394 624 3471 ipsos
646 3394 737 3452 modo
759 3399 909 3468 auctores,
928 3395 983 3454 sed
998 3361 1037 3454 in
1059 3389 1156 3458 libros

155 3481 278 3580 quoque
300 3473 424 3559 eodum
426 3499 527 3558 saevit
529 3519 590 3573 um,
614 3499 756 3574 delegato
776 3498 951 3558 triumviris
970 3500 1155 3577 ministerio,
1170 3517 1199 3562 20

119 3613 192 3666 ‘ut
213 3610 416 3664 monumenta
437 3603 709 3664 clarissimorum
702 3602 898 3678 ingeniorum
919 3603 953 3662 in
974 3606 1100 3666 comitio
1121 3626 1156 3666 ac

648 3710 661 3758 1
