2880 4148
272 185 312 248 26
585 195 614 245 r.
641 194 814 245 oceramr
837 195 962 246 rnorrr

271 368 381 428 classis
396 368 532 428 secunda
545 373 732 446 tempestate
743 388 780 428 ac
794 369 880 428 fama
892 369 1133 430 Trucculensem
1148 376 1275 448 portum

271 473 383 549 tenuit,
398 473 491 549 unde,
506 473 648 550 proximo
667 473 851 533 Britanniae
873 473 965 534 litore
985 474 1066 534 lecto
1087 474 1181 552 omni,
1196 475 1275 536 redi-

271 584 347 638 erat

626 735 722 785 Reccll
738 735 770 798 os
779 733 917 798 Agricola

311 889 359 952 39.
390 891 484 950 Hunc
505 909 608 950 rerum
628 909 761 966 cursum,
784 909 973 969 quamquam
997 891 1086 951 nulla
1106 892 1272 954 verborum

239 1009 257 1058 '5
270 996 422 1064 iaetantia
438 995 584 1073 epistulis
598 995 764 1071 Agricolae
781 1001 915 1071 auctum,
930 1002 967 1056 ut
980 997 1162 1057 Domitiano
1176 999 1271 1060 moris

270 1107 346 1176 erat,
361 1101 467 1160 fronte
488 1101 598 1176 laetus,
616 1106 741 1178 pectere
759 1101 872 1160 anxius
893 1102 1024 1179 excepit.
1074 1102 1183 1162 Inerat
1203 1123 1272 1163 con-

271 1207 402 1266 scientia
428 1206 547 1266 derisui
573 1205 673 1265 fuisse
700 1224 800 1283 nuper
827 1205 944 1266 falsum
972 1225 989 1266 e
1018 1207 1187 1268 Germania
1217 1209 1272 1268 tri-

270 1313 430 1390 umphum,
442 1312 557 1388 emptis
571 1329 627 1388 per
647 1311 830 1385 conmercia,
841 1331 973 1388 quorum
985 1312 1112 1372 habitus
1124 1319 1157 1373 et
1167 1314 1269 1376 crines

270 1417 304 1475 in
321 1417 515 1494 captivorum
533 1416 667 1493 speciem
685 1415 904 1490 formarentur,
919 1421 953 1476 at
969 1435 1052 1476 nunc
1068 1437 1171 1477 veram
1187 1438 1270 1496 mag-

228 1539 256 1585 10
269 1540 404 1599 namque
416 1521 579 1580 victoriam
589 1526 638 1580 tot
649 1520 777 1581 milibus
788 1520 926 1580 hostium
938 1521 1036 1581 caesis
1048 1522 1169 1598 ingenti
1183 1525 1270 1586 fama

268 1627 426 1687 celebrari.
469 1626 509 1685 Id
523 1625 583 1686 sibi
597 1625 733 1685 maxime
743 1625 989 1701 formidolosum,
1002 1627 1119 1704 privati
1132 1627 1269 1692 hominis

268 1751 382 1791 nomen
410 1751 505 1809 supra
531 1731 684 1808 principis
712 1731 839 1790 adtolli:
868 1731 988 1791 frustra
1015 1732 1122 1792 studia
1148 1733 1212 1792 fori
1236 1741 1269 1795 et

268 1837 410 1896 civilium
434 1836 549 1896 artium
574 1836 668 1895 decus
693 1836 727 1894 in
752 1835 913 1896 silentium
937 1841 1017 1911 acte,
1040 1837 1070 1896 si
1097 1837 1268 1899 militarem

267 1943 399 2018 gloriam
423 1941 505 2001 elius
529 1946 710 2017 occuparet;
739 1945 842 2000 cetera
862 1946 1032 2018 utcumque
1056 1942 1182 2003 facilius
1207 1944 1268 2004 dis-

226 2061 253 2105 15
267 2047 418 2120 simulari,
430 2045 519 2105 ducis
530 2045 604 2105 boni
614 2045 847 2122 imperatoriam
859 2045 1010 2104 virtutem
1021 2065 1097 2108 esse.
1136 2047 1266 2110 Talibus

266 2152 350 2212 curis
361 2151 527 2225 exercitus,
538 2151 681 2228 quodque
693 2169 804 2210 saevae
815 2150 1014 2226 cogitationis
1025 2151 1177 2212 indicium
1188 2160 1264 2230 erat,

266 2263 385 2318 secreto
410 2275 466 2316 suo
490 2255 632 2329 satiatus,
655 2256 809 2332 optimum
832 2256 867 2314 in
891 2256 1069 2332 praesentia
1089 2258 1202 2318 statuit
1222 2278 1268 2318 re·

265 2381 380 2440 ponere
401 2361 517 2435 odium,
538 2361 635 2420 donec
656 2361 793 2438 impetus
813 2360 917 2420 famae
938 2366 970 2419 et
991 2361 1082 2420 favor
1110 2363 1265 2424 exercitus

264 2467 495 2543 languesceret:
521 2483 594 2525 nam
613 2466 709 2526 etiam
725 2471 793 2525 tum
809 2465 957 2542 Agricola
973 2466 1172 2528 Britanniam
1189 2469 1267 2528 obti-

221 2573 367 2632 acuebat.

189 2745 201 2761 ἢ
303 2677 352 2738 40.
386 2677 489 2752 Igitur
503 2675 708 2753 triumphalia
724 2680 908 2762 ornamenta
925 2681 957 2735 et
976 2676 1120 2737 inlustris
1142 2682 1265 2739 statuae

192 2766 197 2772 ’
213 2758 234 2771 .,
263 2784 411 2842 honorem
423 2787 456 2841 et
467 2781 623 2859 quidquid
636 2800 693 2858 pro
703 2780 864 2857 triumpho
875 2780 976 2850 datur,
989 2781 1088 2841 multo
1099 2783 1264 2844 verborum

262 2889 379 2946 honore
400 2886 567 2959 cumulata,
585 2885 710 2944 decerni
731 2885 765 2944 in
786 2891 896 2944 senatu
917 2885 1005 2945 iubet
1025 2886 1160 2964 addique
1181 2888 1265 2948 insu-

262 3011 318 3069 per
342 2992 529 3070 opinionem,
552 2991 675 3050 Suriam
698 2990 891 3067 provinciam
912 2991 1077 3065 Agricolae
1098 2991 1262 3068 destinari,

218 3109 248 3152 25
261 3115 392 3157 vacuam
416 3103 483 3155 tum
505 3101 603 3154 morte
625 3095 719 3154 Atilii
744 3095 818 3153 Bufi
839 3095 1012 3155 consularis
1036 3101 1069 3155 et
1092 3096 1263 3158 maioribus

261 3207 459 3262 reservatam.
500 3200 667 3260 Credidere
682 3199 823 3276 plerique
833 3200 982 3259 libertum
994 3219 1032 3259 ex
1044 3201 1262 3263 secretioribus

260 3306 445 3366 ministeriis
474 3306 604 3364 missum
628 3305 667 3364 ad
691 3304 870 3380 Agricolam
898 3305 1067 3382 codicillos,
1093 3306 1207 3382 quibus
1232 3307 1262 3366 ei

261 3412 352 3472 Suria
371 3411 513 3484 dabatur,
528 3409 649 3484 tulisse,
665 3428 734 3468 cum
754 3415 920 3486 praecepto
936 3416 981 3484 ut,
997 3410 1024 3469 si
1041 3410 1075 3468 i11
1096 3411 1263 3472 Britannia

259 3518 351 3591 foret,
366 3516 581 3590 traderentur3
604 3533 736 3590 eumque
755 3513 902 3574 libertum
917 3515 951 3573 in
965 3515 1034 3592 ipso
1047 3515 1130 3574 freto
1144 3516 1261 3577 Oceani

216 3636 246 3680 30
259 3622 386 3681 obvium
411 3619 584 3695 Agricolae,
607 3638 647 3678 ne
671 3618 830 3696 adpellato
851 3619 978 3696 quidem
1003 3639 1039 3679 eo
1064 3621 1104 3679 ad
1128 3621 1259 3682 Domiti·
