2840 4132
254 187 273 250 8
369 261 375 265 ,
563 195 593 244 r.
618 193 791 246 cornuin
813 193 939 245 rno1r1

253 369 418 445 indigenae
440 386 479 427 an
501 367 632 441 advecti,
648 372 684 426 ut
705 367 787 426 inter
809 367 964 443 barbaros,
987 387 1097 446 parum
1118 387 1252 447 comper-

252 483 328 534 tum.
371 472 509 533 Habitus
530 491 693 550 corporum
710 473 789 532 varii
815 478 909 550 atque
934 491 973 532 ex
999 492 1035 533 eo
1060 480 1251 549 argumenta.

252 581 396 656 Namque
417 578 531 638 rutilae
553 578 755 638 Caledoniam
776 577 986 638 habitantium
1009 598 1122 654 comae,
1147 581 1253 655 magni

252 691 338 744 artus
362 685 581 744 Germanicam
609 683 758 758 originem
783 683 984 760 adseverant3
1015 684 1153 744 Silurum
1175 686 1254 745 colo-

224 791 312 849 urati
327 790 443 863 vultus,
459 789 535 848 torti
550 788 733 866 plerumque
751 787 852 848 crines
874 794 906 848 et
926 788 1031 867 posita
1051 794 1160 850 eontra
1181 790 1254 850 His-

252 897 346 974 pania
362 896 499 954 Hiberos
516 900 638 954 veteres
658 893 818 954 traiecisse
839 913 953 972 easque
974 895 1064 955 sedes
1085 913 1252 974 occupasse

251 1001 346 1060 fidem
357 1001 497 1075 faciunt3
512 999 648 1076 proximi
660 999 762 1059 Gallis
776 1005 808 1058 et
823 999 942 1060 similes
957 1006 1039 1075 sunt,
1053 1019 1108 1060 seu
1119 1000 1251 1062 durante

249 1105 381 1180 originis
395 1125 463 1180 usu,
479 1123 533 1164 seu
547 1103 801 1182 procurrentibus
823 1104 856 1163 in
878 1103 1003 1164 diversa
1022 1104 1115 1164 terris
1137 1105 1252 1183 positio

251 1211 330 1270 caeli
353 1210 533 1287 corporibus
558 1209 700 1268 habitum
722 1208 816 1268 dedit.
873 1209 913 1267 In
934 1209 1116 1269 universum
1146 1215 1252 1270 tamen

209 1331 238 1374 10
250 1316 432 1375 aestimanti
457 1315 566 1375 Gallos
589 1314 723 1373 vicinam
746 1313 882 1373 insulam
909 1333 1075 1392 occupasse
1103 1315 1251 1376 credibile

251 1428 307 1481 est.
349 1421 465 1479 Eorum
482 1439 569 1480 sacra
580 1419 794 1497 deprehendas
806 1438 841 1479 ac
856 1420 1115 1497 superstitionum
1128 1439 1252 1498 persua-

252 1527 373 1602 siones;
405 1545 506 1586 sermo
532 1525 617 1584 haud
644 1525 779 1584 multum
809 1524 1018 1600 diversus,1n
1047 1525 1312 1607 deposcendis

250 1631 398 1708 periculis
413 1631 521 1690 eadem
536 1630 667 1690 audacia
681 1635 721 1704 et,
737 1629 791 1690 ubi
806 1630 992 1704 advenere,
985 1650 1019 1688 m
1038 1630 1091 1689 det
1078 1635 1158 1690 rtetc
1145 1588 1312 1690 tandiss

250 1737 358 1796 eadem
385 1736 530 1795 formido.
586 1735 663 1795 Plus
695 1741 801 1794 tamen
828 1735 963 1794 ferociae
992 1735 1138 1795 Britanni
1166 1755 1250 1812 prae-

208 1858 236 1902 15
249 1844 364 1916 ferunt,
392 1849 429 1900 ut
457 1860 534 1918 quos
562 1841 700 1900 nondum
728 1840 823 1918 longa
850 1859 912 1918 pax
940 1841 1116 1900 emollierit.
1165 1843 1249 1900 Nam

251 1947 358 2008 Gallos
373 1965 495 2024 quoquc
511 1947 545 2004 in
559 1945 651 2006 bellis
662 1945 804 2005 floruisse
819 1945 995 2023 accepimus
1004 1969 1011 2022 3
1027 1965 1099 2005 mox
1115 1946 1250 2021 segnitia

249 2072 319 2111 oum
344 2053 408 2111 otio
434 2052 576 2126 intravit,
601 2051 718 2111 amissa
741 2051 859 2110 virtute
884 2051 1002 2128 pariter
1029 2069 1064 2110 aa
1094 2051 1246 2112 libertate.

249 2158 337 2227 Quod
361 2157 584 2216 britannorum
612 2155 688 2214 olim
713 2156 806 2216 victis
834 2156 955 2216 evenit:
987 2157 1083 2216 ceteri
1111 2163 1248 2233 manent,

249 2262 356 2338 quales
372 2262 458 2322 Galli
474 2263 612 2320 fuerunt.

206 2385 236 2428 ao
289 2368 335 2428 12.
366 2369 405 2425 in
419 2369 524 2445 pedite
539 2367 648 2442 robur;
674 2367 826 2444 quaedam
847 2367 990 2428 nationes
1005 2373 1037 2427 et
1051 2386 1143 2428 curru
1163 2387 1250 2445 prce

248 2474 374 2533 liantur.
426 2473 596 2532 Honestior
621 2473 737 2548 auriga,
755 2472 885 2533 clientes
905 2480 1111 2551 propugnant.
1163 2473 1247 2534 Olim

248 2579 372 2655 regibus
407 2579 567 2656 parebant,
596 2596 679 2636 nunc
714 2596 770 2655 per
805 2577 962 2655 principes
991 2578 1181 2639 factionibus
1216 2585 1249 2638 ct

248 2684 362 2744 studiis
390 2683 616 2742 distrahuntur.
658 2683 726 2742 Nec
750 2682 837 2741 aliud
862 2683 1011 2744 adversus
1035 2683 1248 2744 validissimas

245 2786 347 2860 gentis
362 2804 418 2861 pro
433 2785 522 2843 nobis
538 2784 647 2845 utilius
662 2805 756 2863 quam
771 2786 854 2862 quod
870 2786 902 2844 in
920 2805 1073 2845 conrnune
1094 2805 1157 2846 non
1178 2805 1247 2846 con-

201 2905 230 2950 25
244 2891 360 2950 sulunt.
394 2891 496 2948 Rarus
511 2889 630 2950 duabus
642 2891 805 2967 tribusque
816 2891 1000 2951 civitatibus
1013 2891 1054 2951 ad
1065 2891 1247 2969 propulsan-

244 2997 317 3056 dum
334 3013 486 3053 oonmune
504 2993 675 3071 periculum
691 3001 880 3055 conventus:
903 2996 948 3055 ita
963 2995 1080 3071 singuli
1094 3003 1245 3074 pugnant,

244 3100 384 3160 universi
399 3101 576 3160 vincuntur.
601 3089 747 3160 lCaeium
763 3100 879 3161 crebris
894 3100 1047 3161 imbribus
1065 3119 1101 3160 ac
1122 3101 1246 3160 nebulis

244 3206 387 3281 foedum3
417 3206 569 3284 asperitas
591 3205 743 3280 frigorum
760 3183 857 3265 abest.
882 3206 1028 3283 {Dierum
1046 3206 1149 3284 spatia
1163 3205 1246 3265 ultra

245 3311 344 3372 nostri
358 3311 441 3370 orbis
456 3329 649 3386 mensuram;
676 3330 738 3370 nox
753 3311 836 3370 clara
850 3292 890 3369 et‘
899 3317 1040 3370 extrema
1062 3310 1245 3370 Britanniae

203 3401 334 3494 soparte
359 3415 472 3489 brevis,
495 3421 530 3474 ut
554 3415 647 3473 finem
674 3422 768 3492 atque
793 3415 918 3474 initium
944 3415 1023 3474 lucis
1048 3415 1160 3490 exiguo
1185 3415 1245 3474 dis·

244 3521 372 3580 crimine
388 3522 589 3580 internosces
629 3521 718 3590 Quod
733 3521 759 3581 si
775 3521 872 3580 nubes
887 3539 950 3579 non
964 3519 1111 3595 officiant,
1124 3519 1244 3597 adspici

244 3646 300 3706 per
315 3632 436 3686 noctem
455 3626 530 3687 solis
545 3625 710 3702 fulgorem,
724 3645 781 3686 nec
796 3625 935 3685 occidere
950 3631 982 3684 et
997 3643 1173 3702 exsurgere,
1189 3625 1244 3685 sed
