2880 4148
578 221 784 272 GERMANIA.

484 395 537 445 Thr
556 395 656 445 Batavi
674 395 729 445 aad
748 394 878 448 Mattiaci.

217 515 265 601 29.
292 517 439 579 Omnium
461 517 572 578 harum
592 518 731 594 gentium
750 519 868 579 virtute
888 519 1047 598 praecipui
1065 521 1179 584 Batavi

175 641 240 681 non
264 622 397 682 multum
418 641 457 682 ex
478 623 555 701 ripa,
578 624 633 684 sed
655 623 791 684 insulam
812 624 917 684 Rheni
939 625 1040 686 amnis
1062 626 1178 703 colunt,

176 727 364 789 Chattorum
386 729 543 804 quondam
566 729 699 806 populus
722 734 754 788 et
777 729 930 790 seditione
953 731 1123 791 domestica
1145 733 1178 791 in

177 851 230 892 eas
262 833 352 893 sedes
375 838 589 910 transgressus
611 834 645 892 in
668 834 781 910 quibus
804 853 876 913 pars
899 835 1034 894 Romani
1053 836 1178 914 imperii

176 938 297 998 fierent.
332 939 442 999 Manet
456 939 554 999 honos
565 944 597 999 et
608 939 756 1016 antiquae
772 940 930 1000 societatis
944 941 1084 1018 insigna
1105 950 1205 1002 namo

176 1062 233 1103 neo
256 1043 383 1104 tributis
407 1049 649 1104 contemnuntur
676 1063 733 1104 nec
760 1045 945 1122 publicanus
975 1044 1106 1120 adterit3
1129 1063 1178 1104 ex-

177 1148 276 1226 empti
290 1148 435 1208 oneribus
450 1154 482 1208 et
495 1149 723 1209 conlationibus
739 1155 771 1209 et
787 1156 911 1210 tantum
930 1150 964 1208 in
983 1170 1073 1210 usum
1093 1170 1178 1228 proe-

176 1253 291 1313 liorum
321 1253 460 1330 sepositi,
492 1253 580 1313 velut
612 1253 677 1314 tela
708 1261 802 1333 atque
834 1275 929 1330 arma,
961 1255 1052 1316 bellis
1083 1275 1177 1316 reser-

175 1365 299 1418 vantur.
341 1359 400 1419 Est
424 1359 457 1418 in
481 1359 590 1418 eodem
611 1359 759 1437 obsequio
782 1364 814 1419 et
838 1361 1059 1420 Mattiacorum
1083 1380 1175 1438 gens3

176 1463 309 1542 protulit
330 1464 413 1523 enirn
434 1464 618 1540 magnitudo
639 1465 747 1542 populi
767 1465 901 1524 Romani
922 1465 1006 1525 ultra
1030 1466 1175 1525 Rhenum
1191 1476 1220 1521 10

175 1569 321 1646 ultraque
335 1574 457 1630 veteres
472 1569 622 1630 terminos
637 1569 761 1647 imperii
776 1571 991 1630 reverentiam.
1035 1571 1087 1630 Ita
1104 1572 1176 1632 sede

175 1673 353 1752 finibusque
370 1675 404 1732 in
423 1693 480 1734 sua
496 1674 575 1752 ripa,
590 1679 694 1734 mente
711 1675 876 1752 animoque
893 1675 1055 1735 nobiscum
1069 1681 1176 1752 agunt,

175 1783 281 1838 cetera
299 1777 418 1839 similes
438 1779 578 1854 Batavis,
595 1779 656 1839 nisi
666 1780 750 1856 quod
769 1779 838 1857 ipso
857 1780 959 1840 adhuc
980 1786 1082 1840 terrae
1103 1800 1177 1842 suae

176 1883 243 1944 solo
265 1889 297 1943 et
316 1884 403 1944 caelo
423 1884 526 1944 acrius
548 1885 734 1944 animantur.

216 1989 290 2048 Non
303 1989 532 2048 numeraverim
543 1989 626 2048 inter
637 1989 824 2050 Germaniae
835 1990 976 2068 populos,
989 2009 1178 2068 quamquam
1191 2002 1219 2047 15

175 2098 264 2153 trans
283 2094 429 2152 Rhenum
451 2093 693 2171 Danuviumque
714 2095 920 2169 consederint,
941 2114 992 2155 eos
1014 2095 1068 2172 qui
1090 2097 1178 2155 decu·

175 2205 274 2258 matos
296 2217 386 2274 agros
407 2205 571 2258 exercent:
601 2198 780 2260 levissimus
805 2199 938 2278 quisque
962 2200 1125 2260 Gallorum
1146 2207 1177 2260 et

175 2303 284 2380 inopia
297 2303 400 2362 audax
414 2303 528 2363 dubiae
542 2303 748 2381 possessionis
763 2303 863 2364 solum
878 2323 1082 2382 occupavere3
1106 2324 1177 2364 mox

175 2407 278 2467 limite
297 2413 367 2467 acto
386 2408 597 2486 promotisque
618 2408 784 2486 praesidiis
803 2409 891 2470 sinus
909 2409 1034 2488 imperii
1053 2416 1085 2470 et
1104 2429 1177 2489 pars

174 2511 355 2591 provinciae
375 2512 537 2573 habentur.
1189 2530 1219 2575 ao

592 2682 647 2736 The
663 2683 762 2735 atatis.

215 2807 262 2868 30.
294 2807 389 2869 Ultra
410 2808 467 2868 hos
489 2807 597 2869 Chatti
622 2807 749 2866 initium
769 2807 853 2867 sedis
864 2808 903 2867 ab
918 2807 1078 2885 Hercynio
1093 2809 1177 2868 saltu

174 2915 331 2988 incohant,
353 2932 416 2972 non
437 2912 483 2972 ita
504 2912 613 2972 effusis
629 2931 663 2971 ao
682 2912 875 2989 palustribus
897 2912 982 2986 lociS,
1002 2920 1037 2972 ut
1056 2919 1177 2974 ceterae

174 3018 330 3093 civitates,
345 3017 474 3095 inques
493 3016 662 3078 Germania
682 3017 832 3094 patescit3
856 3017 1005 3076 durantes
1030 3016 1090 3098 [si]
1112 3019 1177 3094 qui-

175 3123 247 3182 dem
270 3123 365 3182 colles
385 3122 537 3200 paulatim
560 3127 722 3181 rarescunt
755 3128 786 3180 et
815 3122 947 3182 Chattos
975 3141 1047 3182 suos
1076 3123 1176 3183 saltus

175 3227 355 3306 Hercynius
374 3227 574 3306 prosequitur
593 3227 687 3286 simul
706 3245 741 3286 ao
760 3227 897 3304 deponit.
940 3227 1076 3286 Duriora
1090 3229 1177 3303 genti
1190 3239 1218 3282 25

174 3351 313 3412 corpora,
325 3331 429 3394 stricti
443 3331 662 3405 artus,''minax
677 3331 784 3390 vultus
804 3338 836 3390 et
854 3331 953 3390 maior
967 3331 1064 3391 animi
1079 3333 1174 3407 vigor.

174 3437 323 3512 Multum,
337 3443 374 3496 ut
390 3437 473 3496 inter
494 3438 674 3511 Germanos
690 3436 820 3496 rationis
840 3455 874 3495 ao
895 3436 1068 3496 sollertiae:
1091 3455 1177 3514 prae-

174 3561 289 3622 ponere
306 3542 431 3616 electos,
447 3542 556 3602 audire
577 3542 781 3619 praepositos,
796 3560 888 3601 nosse
906 3541 1040 3616 ordines,
1056 3541 1177 3600 intelle-

174 3665 246 3728 gere
261 3647 446 3726 occasiones,
462 3646 589 3708 diffcrre
608 3646 754 3728 impetus,
769 3646 934 3727 disponere
949 3647 1041 3726 diem,
1058 3645 1174 3706 vallam
