2880 4148
585 203 791 256 crunnum.
1144 196 1184 261 37

184 378 273 440 nicae
297 378 465 454 figuratum
490 378 580 437 docet
605 377 766 438 advectam
795 377 985 453 religionem.
1040 379 1184 439 Ceterum

184 501 242 544 nec
258 483 401 544 cohibere
416 482 589 560 parietibus
604 483 678 543 deos
697 501 798 559 neque
818 483 850 541 in
866 483 963 542 ullam
977 483 1107 543 humani
1122 484 1185 546 oris

185 589 320 666 speciem
340 588 528 648 adsimulare
547 607 587 647 ex
605 587 821 664 magnitudine
839 587 1018 648 caelestium
1034 589 1185 650 arbitran-

184 700 252 754 tur:
282 693 368 754 lucos
392 711 428 753 ao
449 711 577 753 nemora
595 698 777 753 consecrant
797 693 987 770 deorumque
1006 695 1185 756 nominibus

185 797 346 886 adpellant
361 803 514 859 secretum
529 798 610 858 illud
624 798 716 875 quod,
723 797 789 861 sola
803 798 980 860 reuerentia
993 799 1110 859 vident
1130 847 1134 852 .
1198 813 1213 856 t

226 903 272 965 10.
301 903 454 982 Auspicia
468 903 623 980 sortisque
639 909 675 962 ut
694 903 748 982 qui
767 903 903 962 maxime
917 904 1102 964 observant:
1125 924 1187 965 sor-

185 1010 265 1070 tium
299 1009 491 1070 consuetudo
522 1008 664 1086 simplex.
721 1008 848 1084 Virgam
880 1009 1051 1084 frugiferae
1083 1011 1186 1069 arbori

186 1114 322 1175 decisam
346 1114 380 1173 in
403 1113 542 1174 surculos
565 1119 730 1191 amputant
752 1099 867 1190 eosque
891 1114 974 1174 notis
999 1114 1186 1191 quibusdam

185 1220 337 1280 discretos
355 1237 448 1298 super
462 1219 627 1278 candidam
642 1223 760 1279 vestem
776 1224 892 1278 temere
907 1237 943 1279 ac
957 1219 1089 1279 fortuito
1104 1239 1187 1298 spar-

186 1330 271 1401 gunt.
315 1325 400 1394 Mox,
416 1324 445 1384 si
461 1323 584 1402 publice
604 1323 786 1398 consulitur,
805 1324 947 1384 sacerdos
969 1324 1118 1400 civitatis
1137 1325 1187 1386 sin
1201 1339 1229 1383 10

185 1429 344 1508 privatim,
367 1429 435 1508 ipse
456 1428 715 1507 paterfamiliae,
738 1433 883 1506 precatus
908 1429 982 1490 deos
1005 1430 1187 1507 caelumque

186 1535 359 1613 suspiciens
377 1541 425 1594 ter
442 1533 583 1610 singulos
601 1533 695 1609 tollit,
712 1533 850 1594 sublatos
871 1535 1041 1594 secundum
1060 1535 1188 1612 impres-

187 1659 255 1700 sam
276 1645 349 1700 ante
370 1645 477 1699 notam
497 1639 730 1716 interpretatur.
787 1639 822 1706 si
843 1639 1079 1716 prohibuerunt,
1099 1639 1189 1699 nulla
1283 1639 1286 1646 “

187 1746 225 1806 de
240 1745 348 1804 eadem
362 1763 395 1803 re
406 1744 439 1802 in
454 1744 587 1804 eundem
602 1743 685 1803 diem
700 1743 904 1820 consultati03
927 1744 976 1804 sin
990 1745 1186 1822 permissum,

186 1849 394 1928 auspiciorum
410 1849 512 1910 adhuc
526 1849 605 1909 fides
619 1849 764 1924 exigitur.
799 1850 842 1908 Et
856 1849 936 1908 illud
951 1849 1077 1926 quidem
1093 1850 1187 1909 etiam
1202 1867 1229 1910 15

186 1956 238 2016 hio
251 1961 369 2031 notum,
381 1955 487 2014 avium
497 1972 588 2014 voces
599 1954 785 2031 volatusque
799 1954 1006 2034 interrogare:
1027 1955 1187 2032 proprium

188 2061 290 2136 gentis
315 2079 465 2137 equorum
486 2077 609 2136 quoque
631 2059 795 2136 praesagia
820 2078 855 2118 ac
879 2060 1017 2120 monitus
1042 2061 1185 2137 experiri.

186 2166 316 2226 Publice
340 2165 467 2225 aluntur
490 2164 591 2226 isdem
614 2165 793 2224 nemoribus
822 2183 857 2224 ac
885 2165 974 2240 lucis,
1002 2166 1128 2224 candidi
1156 2172 1188 2226 et

186 2272 274 2330 nullo
294 2270 420 2330 mortali
441 2289 533 2349 opere
555 2270 707 2347 oontaoti;
734 2289 811 2348 quos
836 2289 959 2347 pressos
984 2289 1071 2331 sacro
1095 2290 1188 2330 curru

187 2377 331 2438 sacerdos
351 2395 387 2436 ac
407 2394 463 2436 rex
483 2375 534 2435 vel
554 2375 699 2453 princeps
720 2375 859 2436 civitatis
879 2376 1067 2435 comitantur
1086 2375 1187 2434 hinni·
1200 2395 1230 2439 20

186 2487 300 2560 tusque
322 2500 357 2542 ac
378 2481 524 2541 fremitus
545 2481 719 2541 observant.
762 2481 830 2540 Neo
851 2480 910 2538 ulli
929 2481 1068 2558 auspicio
1088 2481 1188 2540 maior

186 2587 274 2663 fides,
298 2606 361 2646 non
383 2586 484 2647 solum
505 2586 588 2664 apud
609 2586 740 2664 plebem,
759 2587 843 2663 apud
863 2604 1005 2662 proceres
1028 2586 1083 2646 sed
1103 2588 1187 2663 apud

187 2693 373 2767 sacerdotes,
405 2710 438 2752 se
468 2691 552 2751 enim
583 2691 744 2751 ministros
775 2690 912 2766 deorum,
943 2691 1014 2751 illos
1047 2692 1185 2752 conscios

187 2805 308 2876 putant.
360 2800 420 2859 Est
443 2803 476 2858 et
499 2798 563 2858 alia
586 2797 762 2858 observatio
787 2795 1005 2873 auspiciorum,
1031 2815 1094 2873 qua
1121 2816 1187 2873 gra

187 2904 273 2963 vium
297 2904 449 2964 bellorum
474 2908 604 2963 eventus
629 2901 841 2979 explorantur.
883 2901 960 2962 Eius
982 2901 1094 2977 gentis
1115 2920 1186 2961 cum
1200 2923 1229 2966 25

186 3028 250 3087 qua
279 3009 397 3098 bellpm
426 3014 483 3084 est,
511 3007 670 3087 captivum
701 3025 825 3084 quoquo
856 3006 948 3066 modo
978 3006 1186 3084 interceptum

185 3131 257 3174 cum
277 3114 377 3174 electo
397 3113 594 3192 popularium
617 3131 752 3186 suorum,
772 3111 884 3189 patriis
905 3129 1059 3189 quemque
1080 3113 1185 3187 armis,

184 3220 392 3280 committunt:
426 3220 558 3279 victoria
589 3219 683 3278 huius
715 3217 765 3276 vel
793 3217 879 3277 illius
908 3236 965 3294 pro
994 3217 1186 3294 praeiudicio

184 3323 345 3402 accipitur.

384 3425 409 3472 l
524 3413 652 3463 Politiocl
669 3413 848 3463 Institutione.

226 3528 273 3589 11.
303 3529 350 3588 De
370 3528 542 3588 minoribus
562 3529 653 3588 rebus
672 3527 830 3605 principes
850 3527 1039 3603 consultant,
1055 3528 1093 3587 de
1112 3528 1187 3586 mai·
1200 3541 1228 3587 3ο

184 3634 291 3695 oribus
315 3653 431 3708 omnes,
457 3634 502 3693 ita
525 3639 639 3707 tamen,
666 3639 700 3691 ut
725 3651 761 3691 ea
786 3651 908 3709 quoque
933 3651 1064 3709 quorum
1089 3649 1184 3708 penes
