2880 4148
590 217 796 269 cannarum.
1151 210 1192 274 35

193 389 291 466 magis
313 410 406 468 quam
428 411 538 451 aurum
561 398 743 470 sequuntur,
765 393 854 453 nulla
880 394 1057 454 adfectione
1085 394 1191 471 animi,

192 495 248 556 sed
262 495 336 572 quia
350 515 496 556 numerus
510 503 726 572 argenteorum
737 498 862 558 facilior
873 499 944 560 usui
955 504 1003 560 est
1017 500 1193 578 promiscua

193 617 229 660 ac
242 599 320 660 vilia
332 600 551 662 mercantibus.
614 637 624 659 ·.

631 793 759 856 Worscre.

235 917 263 978 6.
298 919 330 978 N
332 937 348 978 e
362 919 481 978 ferrum
497 918 624 997 quidem
636 924 787 996 superest,
801 919 882 978 sicut
893 937 932 978 ex
943 937 1055 994 genere
1065 919 1199 978 telorum

195 1023 372 1100 conligitur.
415 1024 493 1084 Rari
515 1023 629 1102 gladiis
651 1029 706 1084 aut
728 1023 896 1084 maioribus
915 1023 1033 1084 lanceis
1048 1029 1226 1085 utuntur:5

194 1125 302 1186 hastas
321 1125 372 1184 vel
393 1124 532 1202 ipsorum
548 1124 699 1184 vocabulo
719 1125 855 1185 frameas
877 1129 989 1201 gerunt
1009 1130 1142 1201 angusto
1163 1131 1195 1184 et

194 1229 283 1290 brevi
302 1230 395 1305 ferro,
411 1229 467 1288 sed
481 1229 527 1288 ita
541 1229 604 1288 acri
619 1234 650 1288 et
664 1229 704 1288 ad
718 1249 809 1289 usum
824 1229 933 1304 habili,
948 1234 984 1288 ut
999 1230 1107 1288 eodem
1121 1229 1193 1304 telo,
1208 1305 1209 1308 Ἴ

195 1340 288 1413 prout
306 1334 387 1394 ratio
406 1333 583 1412 possitve]
602 1333 743 1394 cominus
758 1333 808 1392 vel
824 1331 945 1393 eminus
961 1339 1109 1412 pugnent.
1152 1336 1195 1394 Et

195 1458 289 1517 eques
311 1439 438 1516 quidem
460 1444 548 1499 scuto
568 1439 750 1516 frameaque
771 1443 936 1498 contentus
951 1445 1008 1514 est,
1024 1439 1146 1516 pedites
1164 1445 1196 1499 et

195 1544 330 1604 missilia
351 1549 510 1622 spargunt,
526 1543 678 1622 pluraque
701 1543 827 1618 singuli,
849 1549 943 1620 atque
964 1543 998 1602 in
1019 1544 1195 1604 inmensum
1210 1562 1238 1606 10
1260 1581 1262 1585 ,

195 1649 330 1724 vibrant,
350 1649 427 1707 nudi
452 1653 507 1708 aut
531 1648 640 1725 sagulo
664 1648 758 1708 leves.
800 1648 900 1708 Nulla
924 1648 1027 1708 cultus
1052 1649 1194 1725 iactatio;

195 1759 285 1814 scuta
304 1759 427 1813 tantum
449 1753 629 1814 lectissimis
649 1753 804 1814 coloribus
824 1753 1050 1834 distinguunt.¹
1082 1755 1195 1814 Paucis

195 1859 318 1934 loricae,
329 1858 383 1916 vix
394 1858 449 1917 uni
460 1858 591 1918 alterive
603 1858 701 1918 cassis
713 1863 767 1918 aut
778 1858 874 1934 galea.
917 1859 1001 1936 Equi
1012 1877 1074 1917 non
1086 1859 1195 1934 forma,

195 1983 259 2023 non
269 1963 435 2023 velocitate
447 1963 615 2041 conspicui.
659 1963 720 2023 Sed
731 1981 787 2023 nec
799 1963 920 2023 variare
931 1983 1024 2042 gyros
1035 1964 1069 2022 in
1079 1983 1195 2024 morem

196 2075 338 2128 nostrum
349 2069 515 2128 docentur:
537 2069 572 2127 in
585 2074 704 2128 rectum
715 2074 771 2128 aut
783 2087 846 2128 uuo
857 2068 941 2150 fleru
951 2069 1078 2129 dextros
1089 2075 1195 2145 agrmt,
1210 2081 1238 2126 15

195 2172 242 2233 ita
254 2173 421 2233 coniuncto
435 2173 517 2248 orbe,
532 2178 569 2232 ut
585 2191 677 2232 nemo
693 2173 847 2251 posterior
866 2173 916 2233 sit.
959 2175 999 2232 In
1015 2174 1197 2233 universum

195 2273 374 2332 aestimanti
389 2273 461 2351 plus
475 2292 570 2351 penes
585 2275 723 2352 peditem
739 2275 871 2350 roboris3
895 2293 992 2352 eoque
1008 2275 1100 2333 mixti
1114 2293 1198 2352 proe-

195 2367 322 2444 liantur,
337 2375 412 2447 apta
428 2375 460 2429 et
478 2377 668 2447 congruente
686 2373 726 2430 ad
746 2377 922 2448 equestrem
937 2389 1073 2448 pugnam
1088 2371 1199 2429 veloci-

195 2479 261 2534 tate
275 2473 417 2551 peditum
431 2491 509 2549 quos
524 2473 663 2533 exomni
681 2472 845 2532 iuventute
859 2473 996 2534 delectos
1011 2479 1083 2534 ante
1098 2474 1196 2534 aciem

196 2577 308 2638 locant.
351 2577 510 2637 Definitur
527 2582 559 2637 et
575 2595 738 2638 numerus:
762 2578 886 2637 centeni
901 2597 939 2637 ex
954 2579 1087 2654 singulis
1106 2581 1196 2656 pagis
1209 2590 1239 2634 20

196 2688 279 2758 sunt,
302 2682 396 2760 idque
418 2682 522 2760 ipsum
545 2682 628 2742 inter
651 2701 723 2743 suos
747 2688 907 2758 vocantur,
931 2689 963 2743 et
987 2685 1071 2761 quod
1095 2685 1196 2762 primo

195 2805 343 2848 numerus
357 2787 430 2863 fuit,
442 2787 505 2846 iam
519 2806 633 2846 nomen
647 2792 680 2846 et
693 2787 792 2846 honor
806 2793 862 2848 est.
903 2788 997 2848 Acies
1012 2807 1068 2866 per
1082 2807 1195 2850 cuneos

195 2892 399 2970 componitur.
443 2892 559 2952 Cedere
581 2891 658 2967 loco,
678 2891 846 2952 dummodo
868 2911 975 2953 rursus
997 2893 1105 2970 instes,
1128 2912 1196 2952 con-

196 2997 261 3058 silii
272 3016 366 3075 quam
377 2997 556 3057 formidinis
568 2997 768 3057 arbitrantur.
811 2997 950 3076 Corpora
964 3017 1089 3058 suorum
1101 2999 1195 3058 etiam

195 3102 229 3162 in
253 3102 358 3162 dubiis
382 3101 510 3180 proeliis
535 3102 685 3162 referunt.
733 3102 861 3162 Scutum
889 3103 1054 3180 reliquisse
1082 3103 1238 3181 praeci-25

195 3226 290 3285 puum
305 3205 470 3282 flagitium,
485 3225 543 3266 nec
561 3212 616 3267 aut
634 3206 729 3267 sacris
744 3207 853 3268 adesse
867 3213 922 3267 aut
936 3208 1101 3267 concilium
1115 3209 1196 3268 inire

195 3311 402 3388 ignominioso
417 3311 483 3388 fas;
505 3311 660 3389 multique
671 3312 857 3388 superstites
868 3312 1019 3372 bellorum
1031 3312 1195 3373 infamiam

195 3416 307 3494 laqueo
321 3416 478 3476 finierunt.

183 3552 190 3595 2
236 3519 263 3582 7.
293 3522 395 3598 Reges
410 3539 449 3581 ex
463 3521 637 3597 nobilitate,
653 3523 746 3583 duces
762 3541 801 3581 ex
815 3523 933 3582 virtute
951 3529 1085 3584 sumunt.
1128 3525 1195 3583 Nec

195 3625 320 3703 regibus
345 3625 472 3686 infinita
496 3631 551 3686 aut
576 3626 676 3686 libera
699 3632 848 3705 potestas,
874 3632 907 3686 et
931 3627 1024 3686 duces
1052 3627 1195 3704 exemplo
1208 3641 1237 3687 sc
