2880 4148
260 157 302 224 14
570 170 601 220 r.
626 170 799 221 cosunnrr
822 171 947 221 rxcrm

258 341 367 402 officiis
384 347 415 402 et
434 343 759 404 administrationibus
776 344 960 422 potiusnon
979 349 1159 424 peccaturos
1176 364 1260 424 prae·

258 466 496 538 ponere,qua1n
524 449 672 509 damnare
700 469 771 508 cum
798 455 988 527 peccassent.
1040 451 1204 510 Frumenti
1228 456 1260 512 et

15 595 50 620 w
67 547 144 622 [Μ
163 535 445 646 ῑιῡιωὶῐὲίδηῒοωηι
462 555 653 614 exactionem
673 555 863 633 aequalitate
878 574 1041 615 munerum
1058 555 1189 630 mollire,
1204 556 1260 618 oir-

38 723 97 751 Μ
126 685 162 762 ιι
181 651 210 770 'q
232 725 233 728 Ἴ
257 658 402 719 omneisis
424 678 503 736 quae
524 659 557 718 in
579 666 743 737 quaestum
765 666 889 738 reperta
908 660 977 738 ipso
995 660 1115 720 tributo
1134 661 1259 736 gravius

51 749 119 844 qs
166 735 478 825 ‘⁴''¹l't01erabantur.
521 765 666 845 Namque
691 783 747 843 per
769 765 940 825 ludibrium
971 765 1113 825 adsidere
1144 765 1260 826 clausis

234 868 376 960 'horreis
396 875 428 929 et
450 888 552 929 emere
575 857 661 930 ultro
683 871 843 930 frumenta
865 889 900 930 aa
921 870 1029 930 ludere
1052 871 1154 948 pretio
1175 890 1260 948 coge-

29 955 107 1032 'Wl
255 975 379 1036 bantur.
433 973 585 1034 Devortia
614 975 764 1036 itinerum
792 981 824 1034 et
856 960 1082 1054 longinquitas
1097 975 1259 1052 regionum

7 1071 114 1104 ’Μ’
127 1035 180 1108 ut
256 1079 461 1155 indicebatur,
477 1085 513 1139 ut
532 1079 677 1141 civitates
696 1080 848 1158 proximis
870 1080 1011 1141 hibernis
1033 1081 1068 1140 in
1088 1087 1207 1141 remota
1227 1087 1259 1141 et

7 1149 77 1232 '‘ll·
91 1165 168 1250 ml
185 1181 214 1226 ut
256 1185 328 1245 avia
355 1185 524 1260 deferrent,
549 1161 651 1245 donee
678 1186 762 1263 quod
790 1185 932 1245 omnibus
957 1185 992 1244 in
1020 1192 1168 1265 promptu
1191 1193 1259 1247 erat

47 1265 83 1338 .'·„
97 1315 129 1360 1„
146 1351 160 1379 a
215 1298 244 1345 10
256 1289 364 1366 paucis
386 1290 543 1350 lucrosum
563 1290 661 1350 fieret.

173 1407 177 1414 “
205 1373 224 1419 r‘
295 1394 344 1456 20.
373 1397 462 1456 Haec
483 1395 584 1472 primo
607 1395 715 1456 statim
739 1414 821 1455 auno
845 1395 1078 1473 comprimendo
1103 1396 1258 1474 egregiam

256 1499 373 1560 famam
400 1501 470 1578 paci
498 1500 714 1576 circumdedit,
744 1520 822 1578 quae
844 1501 895 1560 vel
923 1500 1044 1560 incuria
1072 1501 1122 1560 vel
1150 1501 1258 1562 intole-

255 1605 359 1665 rantia
386 1606 526 1682 priorum
554 1606 640 1664 haud
674 1605 777 1666 minus
805 1625 899 1682 quam
934 1605 1052 1666 bellum
1079 1606 1255 1667 timebatur.

257 1711 319 1770 Sed
342 1710 396 1770 ubi
421 1716 523 1770 aestas
552 1710 690 1785 advenit,
719 1711 885 1770 contracto
912 1711 1051 1770 exercitu
1078 1711 1195 1772 multus
1223 1711 1257 1770 in

214 1823 242 1870 15
255 1815 387 1891 agmine,
403 1815 532 1875 laudare
553 1815 747 1891 modestiam,
763 1815 911 1876 disiectos
932 1825 1088 1890 coercere5
1111 1816 1179 1876 loca
1194 1835 1258 1878 cas·

255 1921 312 1981 tris
333 1921 402 1999 ipse
423 1939 542 1998 capere,
564 1921 721 1981 aestuaria
741 1939 776 1981 ae
798 1921 895 1980 silvas
916 1921 983 1998 ipse
1008 1926 1255 1998 praetemptare;

255 2031 287 2084 et
308 2025 389 2085 nihil
414 2026 541 2085 interim
565 2027 648 2104 apud
672 2025 773 2086 hostis
798 2025 939 2102 quietum
963 2025 1040 2103 pati,
1066 2045 1127 2102 quo
1152 2025 1255 2086 minus

255 2130 368 2191 subitis
384 2131 565 2192 excursibus
579 2131 797 2209 popularetur3
820 2136 913 2208 atque
928 2130 982 2190 ubi
997 2131 1075 2191 satis
1091 2136 1254 2207 terruerat,

255 2238 410 2314 parcendo
440 2257 547 2297 rursus
578 2237 783 2297 incitamenta
809 2236 895 2314 pacis
920 2241 1085 2296 ostentare.
1136 2236 1256 2308 Quibus

210 2349 242 2396 20
254 2342 346 2402 rebus
360 2341 477 2401 multae
492 2341 637 2402 civitates
653 2360 732 2418 quae
752 2341 787 2400 in
807 2341 896 2400 illum
920 2341 1004 2400 diem
1024 2359 1063 2400 ex
1077 2360 1176 2420 aequo
1190 2359 1256 2418 ege

254 2452 334 2521 rant,
356 2447 439 2508 datis
460 2447 620 2506 obsidibus
642 2446 719 2505 iram
741 2465 872 2524 posuere
902 2452 934 2505 et
955 2445 1122 2523 praesidiis
1148 2445 1257 2508 castel·

254 2551 356 2629 lisque
383 2551 593 2611 circumdatae
631 2557 663 2610 et
690 2557 780 2610 tanta
804 2551 924 2610 ratione
946 2569 1090 2628 curaque,
1111 2551 1256 2612 utnulla

254 2662 326 2716 ante
346 2655 529 2716 Britanniae
549 2675 631 2715 nova
649 2674 722 2732 pars
744 2656 861 2733 pariter
882 2655 1063 2716 inlacessita
1083 2656 1253 2718 transierit.

293 2760 340 2822 21.
372 2762 511 2838 Sequens
542 2760 643 2820 hiems
672 2761 885 2821 saluberrimis
914 2760 1054 2821 consiliis
1080 2761 1253 2838 absumpta.

211 2878 240 2924 aa
253 2867 398 2943 Namque
422 2871 459 2925 ut
482 2865 625 2925 homines
651 2865 785 2942 dispersi
813 2884 849 2924 ac
873 2866 966 2925 rudes
991 2883 1088 2942 eoque
1114 2866 1148 2924 in
1172 2865 1255 2926 bella

252 2971 478 3056 faciles‘quieti
492 2976 525 3030 et
543 2970 608 3030 otio
625 2990 681 3047 per
694 2971 873 3047 voluptates
893 2971 1120 3045 adsuescerent,
1135 2969 1255 3030 hortari

252 3076 410 3156 privatim,
432 3076 580 3142 adiuvare
597 3075 731 3153 publice,
743 3081 779 3134 ut
799 3074 918 3152 templa
938 3075 1008 3134 fora
1028 3075 1135 3135 domos
1155 3080 1255 3134 extm-

202 3211 205 3216 ·
252 3187 349 3258 erent,
365 3182 523 3242 laudando
537 3187 697 3258 promptos
712 3186 743 3240 et
758 3180 941 3257 castigando
956 3179 1075 3257 segnis:
1104 3179 1150 3240 ita
1163 3179 1256 3239 hono-

252 3287 296 3348 ris
311 3287 480 3347 aemulatio
495 3305 551 3364 pro
565 3285 752 3345 necessitate
774 3291 850 3344 erat.
893 3286 962 3344 lam
983 3303 1057 3344 vero
1077 3283 1254 3363 principrun

210 3407 240 3453 3ο
253 3392 335 3453 filios
350 3392 532 3452 liberalibus
547 3391 667 3451 artibus
687 3391 819 3465 erudire,
835 3395 867 3449 et
887 3389 1014 3466 ingenia
1032 3390 1254 3450 Britannorum

253 3499 366 3560 studiis
382 3497 545 3558 Gallorum
567 3497 784 3571 anteferrent
806 3496 860 3574 qui
882 3496 972 3555 modo
987 3495 1126 3572 linguam
1146 3497 1255 3555 Roma

169 3636 172 3639 μ
253 3622 323 3664 uam
339 3603 526 3678 abnuebant,
542 3601 752 3684 eloquentiam
767 3600 1029 3680 concupiscerent.
1066 3600 1145 3663 Inde
1159 3599 1254 3664 etiam
