2880 4148
569 219 765 272 roricone.
1128 205 1169 270 21

168 399 203 454 ut
224 393 378 454 secundae
399 411 449 453 res
469 398 588 468 tenent,
603 392 649 452 ita
669 391 818 452 adversae
839 390 1029 452 dissolvent:
1058 390 1121 451 nisi
1143 391 1171 451 si

168 499 278 560 Gallos
301 503 333 557 et
355 477 528 560 Germanos
550 503 583 557 et
605 497 717 576 (pudet
739 496 840 578 dictu)
862 497 1086 556 Britannorum
1108 495 1171 574 ple-

168 622 289 682 rosque,
304 603 379 663 licet
399 601 608 664 dominationi
630 602 750 662 alienae
772 601 955 678 sanguinem
974 601 1170 676 conmodent,

168 707 288 769 diutius
309 714 415 768 tamen
435 707 537 769 hostis
558 726 651 785 quam
673 725 788 782 servos,
804 707 866 767 fide
883 711 915 767 et
929 706 1057 766 adfectu
1070 706 1171 766 teneri

168 814 296 893 putatis.
339 815 446 874 Metus
466 831 503 873 ac
523 817 624 872 terror
645 811 720 874 sunt
741 811 867 872 infirma
886 811 991 872 vincla
1010 811 1199 888 caritatis35

169 937 247 996 quae
261 919 315 979 ubi
330 919 508 994 removeris,
520 917 576 995 qui
590 917 701 978 timere
716 917 877 992 desierint,
889 917 992 978 odisse
1007 916 1169 994 incipient.

168 1024 283 1086 Omnia
297 1023 445 1084 victoriae
459 1023 667 1084 incitamenta
680 1041 737 1101 pro
754 1022 844 1083 nobis
865 1029 955 1083 sunt:
985 1022 1091 1082 nullae
1113 1023 1173 1082 Ro

169 1148 277 1189 manos
297 1129 445 1205 coniuges
466 1129 649 1204 accendunt,
669 1127 749 1187 nulli
769 1133 915 1206 parentes
937 1128 1045 1204 fugam
1067 1146 1173 1206 expro

169 1234 290 1295 braturi
317 1239 407 1310 sunt;
443 1240 498 1294 aut
524 1233 613 1293 nulla
639 1232 798 1312 plerisque
822 1233 1004 1311 patriaaut
1028 1232 1170 1293 aliaest.

168 1341 290 1400 Paucos
317 1358 455 1414 numero,
479 1338 619 1417 trepidos
647 1338 832 1416 ignorantia,
857 1338 978 1398 caelum
1006 1337 1110 1416 ipsum
1137 1350 1214 1397 ac10

170 1463 255 1504 mare
280 1450 312 1504 et
336 1444 442 1519 silvas,
467 1443 575 1519 ignota
599 1443 703 1503 omnia
725 1443 1024 1520 circumspectantis,
1050 1443 1173 1503 clausos

171 1549 305 1628 quodam
327 1549 420 1608 modo
440 1566 476 1608 ac
493 1548 615 1608 vinctos
636 1548 669 1608 di
689 1547 779 1609 nobis
800 1547 1007 1608 tradiderunt.
1050 1549 1101 1608 Ne
1114 1553 1174 1608 ter-

171 1660 239 1714 reat
257 1673 358 1714 vanus
378 1653 545 1731 adspectus
567 1658 599 1712 et
619 1653 688 1713 auri
708 1653 813 1730 fulgor
831 1658 924 1730 atque
943 1652 1075 1730 argenti,
1091 1653 1174 1730 quod

171 1777 273 1836 neque
294 1759 375 1834 tegit
394 1775 496 1835 neque
517 1757 670 1818 vulnerat.
724 1759 764 1816 In
787 1757 857 1836 ipsa
880 1757 1019 1819 hostium
1040 1758 1106 1818 acie
1129 1758 1175 1818 in-

171 1865 334 1925 veniemus
361 1869 486 1924 nostras
513 1882 632 1924 manus.
686 1863 888 1940 Adgnosoent
915 1863 1061 1924 Britanni
1086 1881 1174 1924 suam
1188 1875 1216 1920 15

172 1988 307 2044 causam,
329 1968 574 2029 recordabuntur
594 1967 680 2028 Galli
705 1967 840 2046 priorem
863 1968 1058 2030 libertatem:
1092 1969 1175 2030 dese

173 2080 243 2134 rent
256 2073 330 2134 illos
344 2073 440 2134 ceteri
455 2072 613 2148 Germani,
627 2079 693 2133 tam
707 2092 801 2150 quam
819 2057 918 2152 nuper
933 2074 1028 2152 Usipi
1045 2075 1176 2152 relique

159 2185 255 2239 runt.
305 2180 373 2238 Nec
395 2177 567 2256 quidquam
587 2177 672 2238 ultra
692 2179 888 2239 formidinis:
917 2198 1016 2240 vacua
1036 2180 1175 2254 castella,

173 2303 283 2346 senum
297 2283 446 2358 coloniae,
461 2283 544 2342 inter
558 2283 639 2343 male
654 2283 795 2361 parentis
810 2289 843 2344 et
859 2283 975 2345 iniuste
989 2285 1176 2362 imperantis

172 2409 267 2466 aegra
280 2375 453 2466 municipia
466 2394 499 2448 et
513 2387 731 2448 discordantia.
771 2389 834 2449 Hic
849 2389 921 2464 dux,
936 2389 988 2450 hic
1003 2390 1174 2450 exercitus:
1189 2401 1219 2446 ro

173 2496 219 2556 ibi
232 2494 352 2555 tributa
367 2499 398 2554 ct
412 2493 542 2553 metalla
556 2499 588 2552 et
602 2500 722 2554 ceterae
738 2485 940 2554 servientium
955 2513 1082 2572 poenae,
1098 2514 1176 2572 quas

173 2603 206 2660 in
221 2605 384 2659 aeternum
398 2599 538 2676 perferre
552 2604 608 2658 aut
622 2599 731 2659 statim
744 2599 854 2660 ulcisci
868 2599 902 2658 in
916 2600 974 2660 hoc
992 2618 1101 2678 campo
1119 2606 1175 2660 est.

173 2705 311 2764 Proinde
338 2703 415 2764 ituri
439 2704 474 2763 in
498 2703 596 2764 aciem
620 2709 653 2764 et
676 2704 807 2765 maiores
831 2709 952 2766 vestros
977 2711 1009 2764 et
1036 2711 1177 2783 posteros

172 2809 329 2886 cogitate!
949 2805 953 2812 ’

527 2980 626 3046 speech
644 2983 676 3046 os
688 2981 825 3046 Agricola.

214 3126 263 3189 ³³.
294 3127 454 3205 Excepere
470 3127 642 3188 orationem
661 3127 778 3188 alacres
798 3132 839 3204 et,
856 3134 891 3188 ut
911 3128 1051 3190 barbaris
1072 3129 1219 3206 morisco

172 3239 269 3294 cantu
282 3231 474 3310 fremituque
485 3238 518 3292 et
531 3233 717 3294 clamoribus
733 3233 877 3294 dissonis.
910 3235 1041 3312 Iamque
1053 3236 1178 3311 agmina

171 3343 206 3397 ct
232 3356 391 3398 armorum
418 3337 558 3414 fulgores
586 3338 805 3399 audentissimi
832 3339 982 3418 cuiusque
1010 3360 1176 3418 procursu:

171 3442 268 3503 simul
293 3441 507 3504 instruebatur
528 3443 619 3518 acies,
641 3462 711 3502 cum
733 3443 881 3520 Agricola
904 3465 1093 3523 quamquam
1119 3447 1178 3506 lae-

168 3555 241 3608 tum
256 3552 289 3608 et
305 3547 360 3607 vix
377 3548 580 3608 munimentis
602 3549 769 3608 coercitum
791 3549 925 3608 militem
946 3551 1176 3610 accendendum

168 3653 276 3714 adhuc
291 3657 387 3728 ratus,
403 3652 449 3712 ita
464 3653 627 3713 disseruit:
654 3653 825 3730 ‘septimus
848 3673 946 3714 annus
967 3663 1023 3730 est,
1039 3655 1177 3714 conmili-
1191 3667 1220 3712 30
